exchange,symbol,best_bid,best_bid_volume,best_ask,best_ask_volume,timestamp
BITFLYER,FX_BTC_JPY,17586850,0.03000000,17588580,0.10000000,2025-07-16T05:12:27.482842Z
BITFLYER,BTC_JPY,17591454,0.01101760,17600738,0.02779712,2025-07-16T05:12:27.485171Z
BITFLYER,BTC_JPY,17591454,0.01101760,17600738,0.02779712,2025-07-16T05:12:27.485438Z
BITFLYER,BTC_JPY,17591468,0.00966280,17599897,0.02000000,2025-07-16T05:12:27.485668Z
BITFLYER,BTC_JPY,17591468,0.00966280,17599897,0.02000000,2025-07-16T05:12:27.485831Z
BITFLYER,BTC_JPY,17591468,0.00966280,17599897,0.02000000,2025-07-16T05:12:27.485999Z
BITFLYER,BTC_JPY,17591468,0.00966280,17599750,0.00100000,2025-07-16T05:12:27.488312Z
BITFLYER,BTC_JPY,17591468,0.00966280,17599750,0.00100000,2025-07-16T05:12:27.489103Z
BITFLYER,FX_BTC_JPY,17586850,0.03000000,17590047,0.09230000,2025-07-16T05:12:27.490351Z
BITFLYER,BTC_JPY,17591468,0.00966280,17599750,0.00100000,2025-07-16T05:12:27.490568Z
BITFLYER,FX_BTC_JPY,17586850,0.03000000,17590047,0.09230000,2025-07-16T05:12:27.491023Z
BITFLYER,BTC_JPY,17591468,0.00966280,17599750,0.00100000,2025-07-16T05:12:27.491163Z
BITFLYER,FX_BTC_JPY,17586850,0.03000000,17590047,0.09230000,2025-07-16T05:12:27.491359Z
BITFLYER,FX_BTC_JPY,17586850,0.03000000,17589966,0.01500000,2025-07-16T05:12:27.492120Z
BITFLYER,BTC_JPY,17591468,0.00966280,17599750,0.00100000,2025-07-16T05:12:27.492305Z
BITFLYER,FX_BTC_JPY,17588103,0.00600000,17589966,0.01500000,2025-07-16T05:12:27.492515Z
BITFLYER,BTC_JPY,17591468,0.00966280,17599750,0.00100000,2025-07-16T05:12:27.492627Z
BITFLYER,FX_BTC_JPY,17588103,0.00600000,17589966,0.01500000,2025-07-16T05:12:27.492798Z
BITFLYER,BTC_JPY,17591468,0.00966280,17599750,0.00100000,2025-07-16T05:12:27.492912Z
BITFLYER,FX_BTC_JPY,17588103,0.00600000,17589966,0.01500000,2025-07-16T05:12:27.493378Z
BITFLYER,BTC_JPY,17591468,0.00966280,17599750,0.00100000,2025-07-16T05:12:27.493471Z
BITFLYER,FX_BTC_JPY,17588103,0.00600000,17589966,0.01500000,2025-07-16T05:12:27.493734Z
BITFLYER,FX_BTC_JPY,17587248,0.05069476,17589966,0.01500000,2025-07-16T05:12:27.494079Z
BITFLYER,BTC_JPY,17591558,0.04120000,17599750,0.00100000,2025-07-16T05:12:27.494327Z
BITFLYER,FX_BTC_JPY,17587248,0.05069476,17589966,0.01500000,2025-07-16T05:12:27.494439Z
BITFLYER,FX_BTC_JPY,17587248,0.05069476,17589966,0.01500000,2025-07-16T05:12:27.494707Z
BITFLYER,BTC_JPY,17591558,0.04120000,17599750,0.00100000,2025-07-16T05:12:27.494801Z
BITFLYER,FX_BTC_JPY,17586850,0.03000000,17589966,0.01500000,2025-07-16T05:12:27.495030Z
BITFLYER,BTC_JPY,17591558,0.04120000,17599750,0.00100000,2025-07-16T05:12:27.495136Z
BITFLYER,FX_BTC_JPY,17586850,0.03000000,17589966,0.01500000,2025-07-16T05:12:27.495328Z
BITFLYER,FX_BTC_JPY,17586850,0.03000000,17589965,0.00100000,2025-07-16T05:12:27.495567Z
BITFLYER,FX_BTC_JPY,17586850,0.03000000,17589965,0.00100000,2025-07-16T05:12:27.495829Z
BITFLYER,BTC_JPY,17591558,0.04120000,17599750,0.00100000,2025-07-16T05:12:27.495916Z
BITFLYER,BTC_JPY,17591559,0.24000000,17599750,0.00100000,2025-07-16T05:12:27.496056Z
BITFLYER,FX_BTC_JPY,17586850,0.03000000,17589965,0.00100000,2025-07-16T05:12:27.496233Z
BITFLYER,FX_BTC_JPY,17586850,0.03000000,17589964,0.02140000,2025-07-16T05:12:27.496413Z
BITFLYER,BTC_JPY,17591559,0.24000000,17599750,0.00100000,2025-07-16T05:12:27.496504Z
BITFLYER,BTC_JPY,17591559,0.24000000,17599750,0.00100000,2025-07-16T05:12:27.516535Z
BITFLYER,FX_BTC_JPY,17586850,0.03000000,17589964,0.02140000,2025-07-16T05:12:27.516729Z
BITFLYER,FX_BTC_JPY,17586850,0.03000000,17589964,0.02140000,2025-07-16T05:12:27.579725Z
BITFLYER,BTC_JPY,17591649,0.04127000,17599750,0.00100000,2025-07-16T05:12:27.590099Z
BITFLYER,FX_BTC_JPY,17586850,0.03000000,17589964,0.02140000,2025-07-16T05:12:27.701983Z
BITFLYER,FX_BTC_JPY,17586850,0.03000000,17588619,0.00600000,2025-07-16T05:12:27.814796Z
BITFLYER,BTC_JPY,17591649,0.04127000,17599897,0.01677105,2025-07-16T05:12:27.853397Z
BITFLYER,FX_BTC_JPY,17586850,0.03000000,17588619,0.00600000,2025-07-16T05:12:27.933920Z
BITFLYER,BTC_JPY,17591735,0.03383680,17599897,0.01677105,2025-07-16T05:12:27.938582Z
BITFLYER,FX_BTC_JPY,17586850,0.03000000,17588619,0.00600000,2025-07-16T05:12:28.030815Z
BITFLYER,BTC_JPY,17591735,0.03383680,17599897,0.01677105,2025-07-16T05:12:28.041451Z
BITFLYER,FX_BTC_JPY,17586850,0.03000000,17588619,0.00600000,2025-07-16T05:12:28.141128Z
BITFLYER,FX_BTC_JPY,17586850,0.03000000,17590047,0.01730000,2025-07-16T05:12:28.259479Z
BITFLYER,BTC_JPY,17591735,0.03383680,17599897,0.01677105,2025-07-16T05:12:28.268181Z
BITFLYER,FX_BTC_JPY,17586850,0.03000000,17590047,0.01730000,2025-07-16T05:12:28.366848Z
BITFLYER,BTC_JPY,17591825,0.20000000,17599990,0.05000000,2025-07-16T05:12:28.381601Z
BITFLYER,FX_BTC_JPY,17587989,0.00600000,17590047,0.01730000,2025-07-16T05:12:28.472201Z
BITFLYER,BTC_JPY,17591825,0.20000000,17599990,0.05000000,2025-07-16T05:12:28.545076Z
BITFLYER,FX_BTC_JPY,17587989,0.00600000,17590047,0.01730000,2025-07-16T05:12:28.653585Z
BITFLYER,FX_BTC_JPY,17587989,0.00600000,17590047,0.01730000,2025-07-16T05:12:28.654202Z
BITFLYER,FX_BTC_JPY,17587989,0.00600000,17590047,0.01730000,2025-07-16T05:12:28.706124Z
BITFLYER,BTC_JPY,17591825,0.20000000,17599990,0.05000000,2025-07-16T05:12:28.745988Z
BITFLYER,FX_BTC_JPY,17587989,0.00600000,17590047,0.01730000,2025-07-16T05:12:28.814903Z
BITFLYER,BTC_JPY,17591828,0.02000000,17599990,0.05000000,2025-07-16T05:12:28.874591Z
BITFLYER,FX_BTC_JPY,17587989,0.00600000,17590043,0.02140000,2025-07-16T05:12:28.952444Z
BITFLYER,BTC_JPY,17591859,0.00966250,17599990,0.05000000,2025-07-16T05:12:29.008112Z
BITFLYER,FX_BTC_JPY,17587989,0.00600000,17590043,0.02140000,2025-07-16T05:12:29.065221Z
BITFLYER,BTC_JPY,17591859,0.00966250,17599400,0.28830000,2025-07-16T05:12:29.142200Z
BITFLYER,FX_BTC_JPY,17587989,0.00600000,17590043,0.02140000,2025-07-16T05:12:29.161720Z
BITFLYER,BTC_JPY,17591859,0.00966250,17599400,0.57660000,2025-07-16T05:12:29.260149Z
BITFLYER,FX_BTC_JPY,17587989,0.00600000,17590043,0.02140000,2025-07-16T05:12:29.271584Z
BITFLYER,FX_BTC_JPY,17587989,0.00600000,17590043,0.02140000,2025-07-16T05:12:29.377257Z
BITFLYER,BTC_JPY,17591859,0.00966250,17599400,0.28830000,2025-07-16T05:12:29.385542Z
GMO,BTC,17592492,0.04900000,17592493,0.00124000,2025-07-16T05:12:29.419464Z
GMO,BTC,17592492,0.14900000,17592493,0.00124000,2025-07-16T05:12:29.420089Z
GMO,BTC,17592492,0.14900000,17592493,0.00124000,2025-07-16T05:12:29.420611Z
GMO,BTC,17592492,0.14900000,17592493,0.00124000,2025-07-16T05:12:29.421109Z
GMO,BTC,17592492,0.14900000,17592493,0.00124000,2025-07-16T05:12:29.421580Z
GMO,BTC,17592492,0.13000000,17592493,0.00124000,2025-07-16T05:12:29.422015Z
GMO,BTC,17592492,0.13000000,17592493,0.00124000,2025-07-16T05:12:29.422432Z
GMO,BTC,17592492,0.14900000,17592493,0.00124000,2025-07-16T05:12:29.422967Z
GMO,BTC_JPY,17582859,0.00700000,17586997,0.00100000,2025-07-16T05:12:29.423344Z
GMO,BTC,17592492,0.14900000,17592493,0.00124000,2025-07-16T05:12:29.423669Z
GMO,BTC_JPY,17582961,0.02000000,17586997,0.00100000,2025-07-16T05:12:29.423952Z
GMO,BTC,17592492,0.14900000,17592493,0.00124000,2025-07-16T05:12:29.424179Z
GMO,BTC_JPY,17582876,0.00500000,17586997,0.00100000,2025-07-16T05:12:29.424395Z
GMO,BTC,17592492,0.14900000,17592493,0.00124000,2025-07-16T05:12:29.424607Z
GMO,BTC_JPY,17583173,0.00700000,17586997,0.00100000,2025-07-16T05:12:29.424818Z
GMO,BTC,17592492,0.14900000,17592493,0.00124000,2025-07-16T05:12:29.426081Z
GMO,BTC_JPY,17583190,0.00500000,17586997,0.00100000,2025-07-16T05:12:29.429313Z
GMO,BTC,17592492,0.14900000,17592493,0.00124000,2025-07-16T05:12:29.429581Z
BITFLYER,BTC_JPY,17591859,0.00966250,17599400,0.28830000,2025-07-16T05:12:29.508136Z
BITFLYER,FX_BTC_JPY,17587423,0.05020116,17590043,0.02140000,2025-07-16T05:12:29.517370Z
BITFLYER,FX_BTC_JPY,17587423,0.05020116,17590043,0.02140000,2025-07-16T05:12:29.616750Z
BITFLYER,BTC_JPY,17591859,0.00966250,17599400,0.28830000,2025-07-16T05:12:29.718583Z
BITFLYER,FX_BTC_JPY,17588061,0.00600000,17590043,0.02140000,2025-07-16T05:12:29.723227Z
BITFLYER,BTC_JPY,17591859,0.00966250,17599400,0.28830000,2025-07-16T05:12:29.810917Z
BITFLYER,FX_BTC_JPY,17588061,0.00600000,17590043,0.02140000,2025-07-16T05:12:29.860920Z
GMO,BTC_JPY,17583190,0.00500000,17586997,0.00100000,2025-07-16T05:12:30.024316Z
BITFLYER,FX_BTC_JPY,17588061,0.00600000,17590047,0.01730000,2025-07-16T05:12:30.024408Z
GMO,BTC,17592492,0.14900000,17592493,0.00124000,2025-07-16T05:12:30.146199Z
BITFLYER,BTC_JPY,17591859,0.00966250,17599400,0.28830000,2025-07-16T05:12:30.146256Z
BITFLYER,FX_BTC_JPY,17588061,0.00600000,17590047,0.01730000,2025-07-16T05:12:30.173619Z
BITFLYER,BTC_JPY,17591949,0.03942000,17599400,0.28830000,2025-07-16T05:12:30.231992Z
BITFLYER,FX_BTC_JPY,17587423,0.05020116,17588020,0.01130000,2025-07-16T05:12:30.275894Z
BITFLYER,BTC_JPY,17591949,0.03942000,17599400,0.28830000,2025-07-16T05:12:30.368074Z
BITFLYER,FX_BTC_JPY,17587423,0.05020116,17588020,0.01130000,2025-07-16T05:12:30.432945Z
BITFLYER,BTC_JPY,17591949,0.03942000,17599400,0.28830000,2025-07-16T05:12:30.470814Z
BITFLYER,BTC_JPY,17591949,0.03942000,17599400,0.28830000,2025-07-16T05:12:30.505607Z
BITFLYER,FX_BTC_JPY,17587423,0.05020116,17589417,0.00600000,2025-07-16T05:12:30.505908Z
GMO,BTC_JPY,17583190,0.00500000,17586997,0.00100000,2025-07-16T05:12:30.527330Z
GMO,BTC,17592492,0.14900000,17592493,0.00124000,2025-07-16T05:12:30.578017Z
BITFLYER,BTC_JPY,17591949,0.03942000,17599200,0.28830000,2025-07-16T05:12:30.634989Z
BITFLYER,FX_BTC_JPY,17584806,0.06270000,17589417,0.00600000,2025-07-16T05:12:30.636854Z
BITFLYER,FX_BTC_JPY,17584806,0.06270000,17586531,0.01130000,2025-07-16T05:12:30.759936Z
BITFLYER,BTC_JPY,17591952,0.02000000,17599200,0.28830000,2025-07-16T05:12:30.799575Z
BITFLYER,FX_BTC_JPY,17583431,0.06870000,17588464,0.01130000,2025-07-16T05:12:30.853888Z
BITFLYER,FX_BTC_JPY,17583431,0.06870000,17589416,0.00100000,2025-07-16T05:12:30.962964Z
GMO,BTC_JPY,17583207,0.00500000,17585192,0.02000000,2025-07-16T05:12:31.033687Z
BITFLYER,BTC_JPY,17591952,0.02000000,17599200,0.28830000,2025-07-16T05:12:31.052809Z
GMO,BTC,17592492,0.13000000,17592493,0.00124000,2025-07-16T05:12:31.083966Z
BITFLYER,FX_BTC_JPY,17583581,0.01500000,17587001,0.01130000,2025-07-16T05:12:31.109261Z
BITFLYER,BTC_JPY,17591952,0.02000000,17599200,0.28830000,2025-07-16T05:12:31.168436Z
BITFLYER,FX_BTC_JPY,17585597,0.06870000,17587001,0.01130000,2025-07-16T05:12:31.233790Z
BITFLYER,FX_BTC_JPY,17585597,0.06870000,17589417,0.00600000,2025-07-16T05:12:31.376539Z
BITFLYER,FX_BTC_JPY,17586345,0.05009332,17587000,0.05686245,2025-07-16T05:12:31.484646Z
GMO,BTC_JPY,17581161,0.00500000,17585192,0.02000000,2025-07-16T05:12:31.539612Z
GMO,BTC,17592492,0.03950000,17592493,0.00124000,2025-07-16T05:12:31.588926Z
BITFLYER,FX_BTC_JPY,17586345,0.05009332,17587000,0.05686245,2025-07-16T05:12:31.613528Z
BITFLYER,FX_BTC_JPY,17586346,0.00100000,17587000,0.05686245,2025-07-16T05:12:31.720024Z
BITFLYER,BTC_JPY,17591952,0.02000000,17597066,0.02000000,2025-07-16T05:12:31.776830Z
BITFLYER,FX_BTC_JPY,17586346,0.00100000,17587000,0.05686245,2025-07-16T05:12:31.821250Z
BITFLYER,BTC_JPY,17591952,0.02000000,17597066,0.02000000,2025-07-16T05:12:31.968734Z
BITFLYER,FX_BTC_JPY,17586345,0.05009332,17587000,0.05686245,2025-07-16T05:12:31.968934Z
GMO,BTC_JPY,17580231,0.02000000,17586990,0.00900000,2025-07-16T05:12:32.042040Z
BITFLYER,BTC_JPY,17591952,0.02000000,17597066,0.02000000,2025-07-16T05:12:32.060351Z
GMO,BTC,17592492,0.04900000,17592493,0.00124000,2025-07-16T05:12:32.092484Z
BITFLYER,FX_BTC_JPY,17586345,0.05009332,17587000,0.05686245,2025-07-16T05:12:32.131141Z
BITFLYER,FX_BTC_JPY,17586345,0.05009332,17587000,0.05686245,2025-07-16T05:12:32.236858Z
BITFLYER,FX_BTC_JPY,17586345,0.05009332,17587000,0.05686245,2025-07-16T05:12:32.404192Z
BITFLYER,FX_BTC_JPY,17586345,0.05009332,17587000,0.05586245,2025-07-16T05:12:32.507544Z
GMO,BTC_JPY,17581178,0.00500000,17585182,0.00900000,2025-07-16T05:12:32.548334Z
BITFLYER,BTC_JPY,17591952,0.02000000,17599200,0.28830000,2025-07-16T05:12:32.560344Z
GMO,BTC,17592492,0.04900000,17592493,0.00124000,2025-07-16T05:12:32.598411Z
BITFLYER,FX_BTC_JPY,17586345,0.05009332,17587000,0.05586245,2025-07-16T05:12:32.607757Z
BITFLYER,BTC_JPY,17591952,0.02000000,17599200,0.28830000,2025-07-16T05:12:32.774089Z
BITFLYER,FX_BTC_JPY,17586345,0.05009332,17587000,0.05586245,2025-07-16T05:12:32.774252Z
BITFLYER,BTC_JPY,17592042,0.03976000,17599200,0.28830000,2025-07-16T05:12:32.842078Z
BITFLYER,FX_BTC_JPY,17586345,0.05009332,17587000,0.00006245,2025-07-16T05:12:32.907304Z
BITFLYER,BTC_JPY,17592042,0.03976000,17599200,0.28830000,2025-07-16T05:12:33.056615Z
BITFLYER,FX_BTC_JPY,17586345,0.05009332,17587000,0.00006245,2025-07-16T05:12:33.056875Z
GMO,BTC_JPY,17581162,0.04400000,17585182,0.00900000,2025-07-16T05:12:33.057005Z
GMO,BTC,17592492,0.04900000,17592493,0.00124000,2025-07-16T05:12:33.100323Z
BITFLYER,BTC_JPY,17592042,0.03976000,17599197,0.02000000,2025-07-16T05:12:33.118123Z
BITFLYER,FX_BTC_JPY,17586345,0.05009332,17587000,0.00006245,2025-07-16T05:12:33.154825Z
BITFLYER,FX_BTC_JPY,17586345,0.05009332,17589417,0.00600000,2025-07-16T05:12:33.265067Z
BITFLYER,BTC_JPY,17592042,0.03976000,17599197,0.02000000,2025-07-16T05:12:33.348094Z
BITFLYER,FX_BTC_JPY,17586345,0.05009332,17589415,0.02050000,2025-07-16T05:12:33.398195Z
BITFLYER,FX_BTC_JPY,17586345,0.05009332,17587993,0.01130000,2025-07-16T05:12:33.550201Z
BITFLYER,FX_BTC_JPY,17586345,0.05009332,17587993,0.01130000,2025-07-16T05:12:33.550392Z
GMO,BTC_JPY,17581179,0.00800000,17585182,0.00900000,2025-07-16T05:12:33.566723Z
BITFLYER,FX_BTC_JPY,17586345,0.05009332,17589414,0.00100000,2025-07-16T05:12:33.696584Z
BITFLYER,FX_BTC_JPY,17586345,0.05009332,17589415,0.02050000,2025-07-16T05:12:33.772391Z
BITFLYER,BTC_JPY,17591859,0.00966250,17599197,0.02000000,2025-07-16T05:12:33.805833Z
BITFLYER,FX_BTC_JPY,17584945,0.05600000,17589415,0.02050000,2025-07-16T05:12:33.867755Z
BITFLYER,FX_BTC_JPY,17585972,0.05064258,17589415,0.02050000,2025-07-16T05:12:34.031786Z
BITFLYER,BTC_JPY,17592132,0.04096000,17599197,0.02000000,2025-07-16T05:12:34.032255Z
GMO,BTC_JPY,17581179,0.00800000,17586964,0.01000000,2025-07-16T05:12:34.074039Z
GMO,BTC,17592492,0.04900000,17592493,0.00124000,2025-07-16T05:12:34.110347Z
BITFLYER,FX_BTC_JPY,17585972,0.05064258,17589415,0.02050000,2025-07-16T05:12:34.110766Z
BITFLYER,BTC_JPY,17592132,0.04096000,17599197,0.02000000,2025-07-16T05:12:34.150785Z
BITFLYER,FX_BTC_JPY,17585972,0.05064258,17589415,0.02050000,2025-07-16T05:12:34.217952Z
BITFLYER,BTC_JPY,17592132,0.04096000,17599197,0.02000000,2025-07-16T05:12:34.274582Z
BITFLYER,FX_BTC_JPY,17585972,0.05064258,17589415,0.02050000,2025-07-16T05:12:34.332491Z
BITFLYER,BTC_JPY,17592132,0.04096000,17599197,0.02000000,2025-07-16T05:12:34.423506Z
BITFLYER,FX_BTC_JPY,17585972,0.05064258,17589415,0.02050000,2025-07-16T05:12:34.427932Z
GMO,BTC_JPY,17581196,0.00500000,17586964,0.01000000,2025-07-16T05:12:34.444108Z
GMO,BTC,17592492,0.04900000,17592493,0.00124000,2025-07-16T05:12:34.477397Z
BITFLYER,FX_BTC_JPY,17585972,0.05064258,17589415,0.02050000,2025-07-16T05:12:34.532606Z
BITFLYER,BTC_JPY,17592132,0.04096000,17599197,0.02000000,2025-07-16T05:12:34.590607Z
GMO,BTC,17592492,0.14900000,17592493,0.00124000,2025-07-16T05:12:34.613492Z
BITFLYER,FX_BTC_JPY,17585972,0.05064258,17588004,0.01130000,2025-07-16T05:12:34.652544Z
BITFLYER,BTC_JPY,17592133,0.02000000,17599197,0.02000000,2025-07-16T05:12:34.748361Z
BITFLYER,FX_BTC_JPY,17586018,0.00175000,17588004,0.01130000,2025-07-16T05:12:34.753675Z
BITFLYER,FX_BTC_JPY,17586018,0.00175000,17589415,0.02050000,2025-07-16T05:12:34.875256Z
BITFLYER,FX_BTC_JPY,17586018,0.00175000,17589415,0.02050000,2025-07-16T05:12:34.997213Z
BITFLYER,BTC_JPY,17592133,0.02000000,17599197,0.02000000,2025-07-16T05:12:35.000817Z
GMO,BTC_JPY,17581196,0.00500000,17586996,0.02000000,2025-07-16T05:12:35.066226Z
BITFLYER,FX_BTC_JPY,17586019,0.00100000,17589415,0.02050000,2025-07-16T05:12:35.100409Z
BITFLYER,BTC_JPY,17592223,0.03877000,17599197,0.02000000,2025-07-16T05:12:35.117749Z
GMO,BTC,17592492,0.14900000,17592493,0.00124000,2025-07-16T05:12:35.117805Z
BITFLYER,FX_BTC_JPY,17586019,0.00100000,17589415,0.02050000,2025-07-16T05:12:35.212309Z
BITFLYER,FX_BTC_JPY,17586019,0.00100000,17589415,0.02050000,2025-07-16T05:12:35.320497Z
BITFLYER,BTC_JPY,17592223,0.03877000,17599197,0.02000000,2025-07-16T05:12:35.417852Z
BITFLYER,FX_BTC_JPY,17586019,0.00100000,17589415,0.02050000,2025-07-16T05:12:35.426735Z
BITFLYER,BTC_JPY,17592224,0.02000000,17599197,0.02000000,2025-07-16T05:12:35.476837Z
BITFLYER,BTC_JPY,17592224,0.02000000,17599197,0.02000000,2025-07-16T05:12:35.555628Z
BITFLYER,FX_BTC_JPY,17586019,0.00100000,17589415,0.02050000,2025-07-16T05:12:35.556041Z
GMO,BTC_JPY,17581196,0.00500000,17586954,0.00900000,2025-07-16T05:12:35.571830Z
BITFLYER,BTC_JPY,17592224,0.02000000,17599197,0.02000000,2025-07-16T05:12:35.706268Z
BITFLYER,FX_BTC_JPY,17586019,0.00100000,17589415,0.02050000,2025-07-16T05:12:35.774590Z
BITFLYER,BTC_JPY,17592224,0.02000000,17599197,0.02000000,2025-07-16T05:12:35.837360Z
BITFLYER,FX_BTC_JPY,17586019,0.00100000,17589415,0.02050000,2025-07-16T05:12:35.871886Z
BITFLYER,FX_BTC_JPY,17586019,0.00100000,17589415,0.02050000,2025-07-16T05:12:35.979786Z
BITFLYER,BTC_JPY,17592224,0.02000000,17599197,0.02000000,2025-07-16T05:12:35.980073Z
GMO,BTC_JPY,17581946,0.02000000,17586997,0.00100000,2025-07-16T05:12:36.080104Z
BITFLYER,FX_BTC_JPY,17586019,0.00100000,17589415,0.02050000,2025-07-16T05:12:36.113855Z
BITFLYER,BTC_JPY,17592224,0.02000000,17599197,0.02000000,2025-07-16T05:12:36.114212Z
GMO,BTC,17592492,0.13000000,17592493,0.00124000,2025-07-16T05:12:36.127447Z
BITFLYER,BTC_JPY,17592223,0.03877000,17599197,0.02000000,2025-07-16T05:12:36.229574Z
BITFLYER,FX_BTC_JPY,17586019,0.00100000,17589415,0.02050000,2025-07-16T05:12:36.265912Z
BITFLYER,BTC_JPY,17592223,0.03877000,17598400,0.28830000,2025-07-16T05:12:36.341532Z
BITFLYER,FX_BTC_JPY,17586019,0.00100000,17589415,0.02050000,2025-07-16T05:12:36.366241Z
BITFLYER,BTC_JPY,17591859,0.00966250,17598400,0.28830000,2025-07-16T05:12:36.464569Z
BITFLYER,FX_BTC_JPY,17586019,0.00100000,17589414,0.00100000,2025-07-16T05:12:36.494214Z
GMO,BTC_JPY,17581946,0.02000000,17585812,0.02000000,2025-07-16T05:12:36.580652Z
BITFLYER,BTC_JPY,17592313,0.04108000,17597066,0.02000000,2025-07-16T05:12:36.602169Z
BITFLYER,FX_BTC_JPY,17586019,0.00100000,17589414,0.00100000,2025-07-16T05:12:36.623914Z
GMO,BTC,17592492,0.13000000,17592493,0.00124000,2025-07-16T05:12:36.629534Z
BITFLYER,BTC_JPY,17592313,0.04108000,17598397,0.02000000,2025-07-16T05:12:36.761263Z
BITFLYER,FX_BTC_JPY,17586019,0.00100000,17589414,0.00100000,2025-07-16T05:12:36.782613Z
BITFLYER,FX_BTC_JPY,17586019,0.00100000,17589414,0.00100000,2025-07-16T05:12:36.892796Z
BITFLYER,BTC_JPY,17592313,0.04108000,17598397,0.02000000,2025-07-16T05:12:36.900834Z
BITFLYER,FX_BTC_JPY,17586019,0.00100000,17589414,0.00100000,2025-07-16T05:12:36.991941Z
BITFLYER,BTC_JPY,17592313,0.04108000,17598400,0.28830000,2025-07-16T05:12:37.013311Z
GMO,BTC_JPY,17580661,0.02000000,17586833,0.02000000,2025-07-16T05:12:37.084188Z
BITFLYER,FX_BTC_JPY,17586019,0.00100000,17589414,0.00100000,2025-07-16T05:12:37.095279Z
BITFLYER,BTC_JPY,17592316,0.02000000,17598400,0.28830000,2025-07-16T05:12:37.132347Z
GMO,BTC,17592492,0.04900000,17592493,0.00124000,2025-07-16T05:12:37.137472Z
BITFLYER,FX_BTC_JPY,17586019,0.00100000,17589408,0.02040000,2025-07-16T05:12:37.213556Z
BITFLYER,BTC_JPY,17592316,0.02000000,17598400,0.28830000,2025-07-16T05:12:37.266033Z
BITFLYER,FX_BTC_JPY,17585560,0.05600000,17589408,0.02040000,2025-07-16T05:12:37.348735Z
BITFLYER,BTC_JPY,17592316,0.02000000,17598400,0.28830000,2025-07-16T05:12:37.382209Z
BITFLYER,FX_BTC_JPY,17585560,0.05600000,17589408,0.02040000,2025-07-16T05:12:37.481898Z
BITFLYER,BTC_JPY,17592316,0.02000000,17598400,0.28830000,2025-07-16T05:12:37.503421Z
BITFLYER,FX_BTC_JPY,17586029,0.05600000,17589408,0.02040000,2025-07-16T05:12:37.587545Z
GMO,BTC_JPY,17581947,0.00300000,17586833,0.02000000,2025-07-16T05:12:37.587549Z
GMO,BTC,17592492,0.04900000,17592493,0.00124000,2025-07-16T05:12:37.642216Z
BITFLYER,FX_BTC_JPY,17586029,0.05600000,17589408,0.02040000,2025-07-16T05:12:37.706864Z
BITFLYER,FX_BTC_JPY,17586029,0.05600000,17589408,0.02040000,2025-07-16T05:12:37.854911Z
BITFLYER,FX_BTC_JPY,17586029,0.05600000,17589408,0.02040000,2025-07-16T05:12:37.958475Z
BITFLYER,FX_BTC_JPY,17586029,0.05600000,17589408,0.02040000,2025-07-16T05:12:38.066011Z
GMO,BTC_JPY,17581947,0.00300000,17586997,0.00100000,2025-07-16T05:12:38.093044Z
GMO,BTC,17592492,0.14900000,17592493,0.00124000,2025-07-16T05:12:38.145908Z
BITFLYER,FX_BTC_JPY,17586373,0.05600000,17589408,0.02040000,2025-07-16T05:12:38.179203Z
BITFLYER,FX_BTC_JPY,17586373,0.05600000,17589408,0.02040000,2025-07-16T05:12:38.316888Z
BITFLYER,FX_BTC_JPY,17586373,0.05600000,17589408,0.02040000,2025-07-16T05:12:38.453713Z
BITFLYER,FX_BTC_JPY,17586373,0.05600000,17589408,0.02040000,2025-07-16T05:12:38.542921Z
BITFLYER,FX_BTC_JPY,17586373,0.05600000,17589408,0.02040000,2025-07-16T05:12:38.590053Z
GMO,BTC_JPY,17581947,0.00300000,17586798,0.02000000,2025-07-16T05:12:38.595215Z
GMO,BTC,17592492,0.04900000,17592493,0.00124000,2025-07-16T05:12:38.653146Z
BITFLYER,BTC_JPY,17592316,0.02000000,17598400,0.28830000,2025-07-16T05:12:38.720174Z
BITFLYER,FX_BTC_JPY,17586373,0.05600000,17589408,0.02040000,2025-07-16T05:12:38.747852Z
BITFLYER,FX_BTC_JPY,17586373,0.05600000,17589408,0.02040000,2025-07-16T05:12:38.856557Z
BITFLYER,FX_BTC_JPY,17586632,0.05157592,17589408,0.02040000,2025-07-16T05:12:38.956919Z
BITFLYER,BTC_JPY,17592316,0.02000000,17598400,0.28830000,2025-07-16T05:12:39.035456Z
BITFLYER,FX_BTC_JPY,17586632,0.05157592,17589408,0.02040000,2025-07-16T05:12:39.065965Z
GMO,BTC_JPY,17581947,0.00300000,17586798,0.02000000,2025-07-16T05:12:39.102079Z
GMO,BTC,17592492,0.14900000,17592493,0.00124000,2025-07-16T05:12:39.159601Z
BITFLYER,FX_BTC_JPY,17586632,0.05157592,17589408,0.02040000,2025-07-16T05:12:39.168173Z
BITFLYER,BTC_JPY,17592406,0.03857000,17598400,0.28830000,2025-07-16T05:12:39.254467Z
BITFLYER,FX_BTC_JPY,17586672,0.00175000,17589408,0.02040000,2025-07-16T05:12:39.276136Z
BITFLYER,BTC_JPY,17592406,0.03857000,17598400,0.28830000,2025-07-16T05:12:39.389416Z
BITFLYER,FX_BTC_JPY,17586672,0.00175000,17589408,0.02040000,2025-07-16T05:12:39.436151Z
BITFLYER,BTC_JPY,17592406,0.03857000,17598397,0.02000000,2025-07-16T05:12:39.470785Z
BITFLYER,FX_BTC_JPY,17586672,0.00175000,17589408,0.02040000,2025-07-16T05:12:39.513179Z
GMO,BTC_JPY,17581947,0.00300000,17586997,0.00100000,2025-07-16T05:12:39.520707Z
GMO,BTC,17592492,0.14900000,17592493,0.00124000,2025-07-16T05:12:39.551278Z
BITFLYER,BTC_JPY,17592406,0.03857000,17598397,0.02000000,2025-07-16T05:12:39.575554Z
BITFLYER,FX_BTC_JPY,17586672,0.00175000,17589408,0.02040000,2025-07-16T05:12:39.616803Z
GMO,BTC,17592492,0.14900000,17592493,0.00124000,2025-07-16T05:12:39.663147Z
BITFLYER,BTC_JPY,17592407,0.19202015,17598397,0.02000000,2025-07-16T05:12:39.718205Z
BITFLYER,FX_BTC_JPY,17586672,0.00175000,17589408,0.02040000,2025-07-16T05:12:39.721444Z
BITFLYER,BTC_JPY,17592407,0.19202015,17598397,0.02000000,2025-07-16T05:12:39.835410Z
BITFLYER,FX_BTC_JPY,17586672,0.00175000,17589408,0.02040000,2025-07-16T05:12:39.852975Z
BITFLYER,BTC_JPY,17592407,0.19202015,17598397,0.02000000,2025-07-16T05:12:39.972563Z
BITFLYER,FX_BTC_JPY,17586672,0.00175000,17589408,0.02040000,2025-07-16T05:12:40.011929Z
GMO,BTC_JPY,17581947,0.00300000,17586997,0.00100000,2025-07-16T05:12:40.104748Z
BITFLYER,FX_BTC_JPY,17586672,0.00175000,17589407,0.00100000,2025-07-16T05:12:40.150768Z
GMO,BTC,17592492,0.14900000,17592493,0.00124000,2025-07-16T05:12:40.175841Z
BITFLYER,FX_BTC_JPY,17586672,0.00175000,17589407,0.00100000,2025-07-16T05:12:40.275346Z
BITFLYER,BTC_JPY,17592441,0.00966220,17597066,0.02000000,2025-07-16T05:12:40.359966Z
BITFLYER,FX_BTC_JPY,17586665,0.01000000,17589407,0.00100000,2025-07-16T05:12:40.422111Z
BITFLYER,BTC_JPY,17592441,0.00966220,17597066,0.02000000,2025-07-16T05:12:40.495765Z
BITFLYER,FX_BTC_JPY,17586665,0.01000000,17589407,0.00100000,2025-07-16T05:12:40.525079Z
BITFLYER,BTC_JPY,17592441,0.00966220,17597066,0.02000000,2025-07-16T05:12:40.573960Z
GMO,BTC_JPY,17581947,0.00300000,17586659,0.02000000,2025-07-16T05:12:40.610259Z
BITFLYER,FX_BTC_JPY,17586665,0.01000000,17589400,0.04400000,2025-07-16T05:12:40.631652Z
GMO,BTC,17592492,0.13000000,17592493,0.00124000,2025-07-16T05:12:40.693269Z
BITFLYER,BTC_JPY,17592441,0.00966220,17597063,0.02000000,2025-07-16T05:12:40.760794Z
BITFLYER,FX_BTC_JPY,17586665,0.01000000,17589400,0.04400000,2025-07-16T05:12:40.761020Z
BITFLYER,BTC_JPY,17592441,0.00966220,17597063,0.02000000,2025-07-16T05:12:40.853813Z
BITFLYER,FX_BTC_JPY,17586665,0.01000000,17589399,0.00100000,2025-07-16T05:12:40.868922Z
BITFLYER,BTC_JPY,17592441,0.00966220,17597063,0.02000000,2025-07-16T05:12:40.973371Z
BITFLYER,BTC_JPY,17592441,0.00966220,17597063,0.02000000,2025-07-16T05:12:41.078652Z
GMO,BTC_JPY,17581947,0.00300000,17586997,0.00100000,2025-07-16T05:12:41.117680Z
BITFLYER,FX_BTC_JPY,17585994,0.05600000,17589399,0.00100000,2025-07-16T05:12:41.134788Z
GMO,BTC,17592492,0.03000000,17592493,0.00124000,2025-07-16T05:12:41.183465Z
BITFLYER,BTC_JPY,17592441,0.00966220,17597060,0.02000000,2025-07-16T05:12:41.213270Z
BITFLYER,FX_BTC_JPY,17585994,0.05600000,17589399,0.00100000,2025-07-16T05:12:41.236448Z
BITFLYER,FX_BTC_JPY,17585994,0.05600000,17589399,0.00100000,2025-07-16T05:12:41.352058Z
BITFLYER,BTC_JPY,17592441,0.00966220,17597060,0.02000000,2025-07-16T05:12:41.411901Z
BITFLYER,FX_BTC_JPY,17586145,0.05124519,17589399,0.00100000,2025-07-16T05:12:41.457244Z
BITFLYER,BTC_JPY,17592441,0.00966220,17598400,0.28830000,2025-07-16T05:12:41.545628Z
BITFLYER,FX_BTC_JPY,17586145,0.05124519,17589399,0.00100000,2025-07-16T05:12:41.579323Z
GMO,BTC_JPY,17580678,0.02000000,17586996,0.02000000,2025-07-16T05:12:41.616289Z
GMO,BTC,17592492,0.14900000,17592493,0.00124000,2025-07-16T05:12:41.701074Z
BITFLYER,BTC_JPY,17592441,0.00966220,17597057,0.02000000,2025-07-16T05:12:41.701075Z
BITFLYER,FX_BTC_JPY,17586145,0.05124519,17589399,0.00100000,2025-07-16T05:12:41.758861Z
BITFLYER,BTC_JPY,17592441,0.00966220,17597057,0.02000000,2025-07-16T05:12:41.797146Z
BITFLYER,FX_BTC_JPY,17586145,0.05124519,17589399,0.00100000,2025-07-16T05:12:41.856610Z
BITFLYER,BTC_JPY,17592531,0.04069000,17598400,0.28830000,2025-07-16T05:12:41.933076Z
BITFLYER,FX_BTC_JPY,17586145,0.05124519,17589399,0.00100000,2025-07-16T05:12:42.012882Z
BITFLYER,BTC_JPY,17592531,0.04069000,17598400,0.28830000,2025-07-16T05:12:42.030452Z
GMO,BTC_JPY,17581948,0.04400000,17586997,0.00100000,2025-07-16T05:12:42.121728Z
BITFLYER,BTC_JPY,17592531,0.04069000,17598400,0.28830000,2025-07-16T05:12:42.173775Z
BITFLYER,FX_BTC_JPY,17586269,0.05600000,17589394,0.02050000,2025-07-16T05:12:42.174222Z
GMO,BTC,17592492,0.14900000,17592493,0.00124000,2025-07-16T05:12:42.191771Z
BITFLYER,FX_BTC_JPY,17586269,0.05600000,17589394,0.02050000,2025-07-16T05:12:42.275114Z
BITFLYER,BTC_JPY,17592531,0.04069000,17598400,0.28830000,2025-07-16T05:12:42.292728Z
BITFLYER,FX_BTC_JPY,17586269,0.05600000,17589394,0.02050000,2025-07-16T05:12:42.380638Z
BITFLYER,BTC_JPY,17592534,0.02000000,17598400,0.26330000,2025-07-16T05:12:42.411749Z
BITFLYER,FX_BTC_JPY,17586270,0.00100000,17588336,0.00600000,2025-07-16T05:12:42.515899Z
BITFLYER,BTC_JPY,17592534,0.02000000,17599990,0.04799981,2025-07-16T05:12:42.527748Z
BITFLYER,FX_BTC_JPY,17586270,0.00100000,17588336,0.00600000,2025-07-16T05:12:42.624592Z
GMO,BTC_JPY,17582292,0.02000000,17586997,0.00100000,2025-07-16T05:12:42.624635Z
BITFLYER,BTC_JPY,17592534,0.02000000,17599990,0.04799981,2025-07-16T05:12:42.652878Z
GMO,BTC,17592492,0.14900000,17592493,0.00124000,2025-07-16T05:12:42.706691Z
BITFLYER,FX_BTC_JPY,17586269,0.05600000,17588336,0.00600000,2025-07-16T05:12:42.732919Z
BITFLYER,BTC_JPY,17592800,0.03290000,17599900,0.02520000,2025-07-16T05:12:42.794756Z
BITFLYER,FX_BTC_JPY,17586269,0.05600000,17588336,0.00600000,2025-07-16T05:12:42.860844Z
BITFLYER,BTC_JPY,17592800,0.03290000,17599800,0.26320000,2025-07-16T05:12:42.914902Z
BITFLYER,FX_BTC_JPY,17586269,0.05600000,17588336,0.00600000,2025-07-16T05:12:42.973093Z
BITFLYER,BTC_JPY,17592800,0.03290000,17599800,0.26320000,2025-07-16T05:12:43.065369Z
BITFLYER,FX_BTC_JPY,17586669,0.01000000,17588335,0.00100000,2025-07-16T05:12:43.077807Z
GMO,BTC_JPY,17582292,0.02000000,17586997,0.00100000,2025-07-16T05:12:43.132301Z
BITFLYER,BTC_JPY,17592800,0.03290000,17599800,0.26320000,2025-07-16T05:12:43.187702Z
BITFLYER,FX_BTC_JPY,17586669,0.01000000,17588335,0.00100000,2025-07-16T05:12:43.192935Z
GMO,BTC,17592492,0.14900000,17592493,0.00124000,2025-07-16T05:12:43.213155Z
BITFLYER,FX_BTC_JPY,17586669,0.01000000,17588335,0.00100000,2025-07-16T05:12:43.298792Z
BITFLYER,BTC_JPY,17592803,0.02000000,17599800,0.26320000,2025-07-16T05:12:43.305322Z
BITFLYER,FX_BTC_JPY,17586669,0.01000000,17588335,0.00100000,2025-07-16T05:12:43.428117Z
BITFLYER,FX_BTC_JPY,17586669,0.01000000,17588335,0.00100000,2025-07-16T05:12:43.533412Z
BITFLYER,FX_BTC_JPY,17585522,0.05600000,17588335,0.00100000,2025-07-16T05:12:43.552622Z
GMO,BTC_JPY,17581968,0.01000000,17586392,0.02000000,2025-07-16T05:12:43.631537Z
BITFLYER,FX_BTC_JPY,17585523,0.06870000,17588335,0.00100000,2025-07-16T05:12:43.658445Z
BITFLYER,BTC_JPY,17592803,0.02000000,17597066,0.02000000,2025-07-16T05:12:43.695267Z
GMO,BTC,17592492,0.04900000,17592493,0.00124000,2025-07-16T05:12:43.709387Z
BITFLYER,FX_BTC_JPY,17585673,0.00175000,17588334,0.00100000,2025-07-16T05:12:43.811935Z
BITFLYER,BTC_JPY,17592803,0.02000000,17597066,0.02000000,2025-07-16T05:12:43.826665Z
BITFLYER,FX_BTC_JPY,17586151,0.05600000,17588334,0.00100000,2025-07-16T05:12:43.915986Z
BITFLYER,BTC_JPY,17592803,0.02000000,17598900,0.31350000,2025-07-16T05:12:43.946990Z
BITFLYER,FX_BTC_JPY,17585673,0.00175000,17588334,0.00100000,2025-07-16T05:12:44.017322Z
BITFLYER,BTC_JPY,17592803,0.02000000,17598900,0.31350000,2025-07-16T05:12:44.075725Z
BITFLYER,FX_BTC_JPY,17585673,0.00175000,17588336,0.00600000,2025-07-16T05:12:44.122166Z
GMO,BTC_JPY,17582309,0.00500000,17586997,0.00100000,2025-07-16T05:12:44.136167Z
BITFLYER,BTC_JPY,17592803,0.02000000,17598900,0.31350000,2025-07-16T05:12:44.189434Z
GMO,BTC,17592492,0.14900000,17592493,0.00124000,2025-07-16T05:12:44.218665Z
BITFLYER,FX_BTC_JPY,17585673,0.00175000,17588336,0.00600000,2025-07-16T05:12:44.254481Z
BITFLYER,BTC_JPY,17592803,0.02000000,17598900,0.31350000,2025-07-16T05:12:44.319649Z
BITFLYER,FX_BTC_JPY,17585673,0.00175000,17588336,0.00600000,2025-07-16T05:12:44.378369Z
BITFLYER,BTC_JPY,17592803,0.02000000,17598500,0.26320000,2025-07-16T05:12:44.470659Z
BITFLYER,FX_BTC_JPY,17585682,0.01000000,17588336,0.00600000,2025-07-16T05:12:44.512955Z
BITFLYER,FX_BTC_JPY,17585682,0.01000000,17588336,0.00600000,2025-07-16T05:12:44.590791Z
GMO,BTC_JPY,17582180,0.00700000,17586997,0.00100000,2025-07-16T05:12:44.611646Z
BITFLYER,BTC_JPY,17592893,0.04110000,17598500,0.26320000,2025-07-16T05:12:44.630216Z
GMO,BTC,17592492,0.14900000,17592493,0.00124000,2025-07-16T05:12:44.636126Z
BITFLYER,FX_BTC_JPY,17585682,0.01000000,17588336,0.00600000,2025-07-16T05:12:44.706571Z
BITFLYER,FX_BTC_JPY,17585682,0.01000000,17588336,0.00600000,2025-07-16T05:12:44.851537Z
BITFLYER,BTC_JPY,17592893,0.04110000,17598500,0.26320000,2025-07-16T05:12:44.860554Z
BITFLYER,BTC_JPY,17592893,0.04110000,17598500,0.26320000,2025-07-16T05:12:44.975836Z
BITFLYER,FX_BTC_JPY,17585682,0.01000000,17588336,0.00600000,2025-07-16T05:12:45.007639Z
BITFLYER,BTC_JPY,17592896,0.02000000,17598500,0.26320000,2025-07-16T05:12:45.137542Z
GMO,BTC_JPY,17582197,0.00500000,17586997,0.00100000,2025-07-16T05:12:45.142085Z
BITFLYER,FX_BTC_JPY,17585682,0.01000000,17588336,0.00600000,2025-07-16T05:12:45.181742Z
GMO,BTC,17592492,0.14900000,17592493,0.00124000,2025-07-16T05:12:45.225777Z
BITFLYER,FX_BTC_JPY,17585682,0.01000000,17588336,0.00600000,2025-07-16T05:12:45.320121Z
BITFLYER,BTC_JPY,17592896,0.02000000,17598500,0.26320000,2025-07-16T05:12:45.372989Z
BITFLYER,FX_BTC_JPY,17585682,0.01000000,17588336,0.00600000,2025-07-16T05:12:45.467681Z
BITFLYER,BTC_JPY,17592896,0.02000000,17598500,0.26320000,2025-07-16T05:12:45.513961Z
BITFLYER,FX_BTC_JPY,17585682,0.01000000,17588336,0.00600000,2025-07-16T05:12:45.570657Z
BITFLYER,FX_BTC_JPY,17585701,0.06870000,17588336,0.00600000,2025-07-16T05:12:45.697922Z
GMO,BTC_JPY,17580210,0.00500000,17586997,0.00100000,2025-07-16T05:12:45.697961Z
GMO,BTC,17592492,0.03000000,17592493,0.00124000,2025-07-16T05:12:45.730401Z
BITFLYER,FX_BTC_JPY,17585701,0.06870000,17588335,0.00100000,2025-07-16T05:12:45.811766Z
BITFLYER,FX_BTC_JPY,17586038,0.05600000,17588335,0.00100000,2025-07-16T05:12:45.916130Z
BITFLYER,FX_BTC_JPY,17586038,0.05600000,17588336,0.00600000,2025-07-16T05:12:46.019672Z
BITFLYER,FX_BTC_JPY,17586038,0.05600000,17588336,0.00600000,2025-07-16T05:12:46.137062Z
GMO,BTC_JPY,17580422,0.00700000,17586997,0.00100000,2025-07-16T05:12:46.147846Z
GMO,BTC,17592492,0.13000000,17592493,0.00124000,2025-07-16T05:12:46.232218Z
BITFLYER,FX_BTC_JPY,17586038,0.05600000,17588336,0.00600000,2025-07-16T05:12:46.293970Z
BITFLYER,FX_BTC_JPY,17586069,0.05224236,17588336,0.00600000,2025-07-16T05:12:46.431906Z
BITFLYER,FX_BTC_JPY,17586069,0.05224236,17588336,0.00600000,2025-07-16T05:12:46.533927Z
BITFLYER,FX_BTC_JPY,17586139,0.00175000,17588336,0.00600000,2025-07-16T05:12:46.654377Z
GMO,BTC_JPY,17580928,0.02000000,17586997,0.00100000,2025-07-16T05:12:46.654435Z
BITFLYER,FX_BTC_JPY,17586139,0.00175000,17588336,0.00600000,2025-07-16T05:12:46.799687Z
BITFLYER,BTC_JPY,17592896,0.02000000,17598500,0.26320000,2025-07-16T05:12:46.799757Z
BITFLYER,FX_BTC_JPY,17586139,0.00175000,17588335,0.00100000,2025-07-16T05:12:46.905648Z
BITFLYER,BTC_JPY,17592896,0.02000000,17598500,0.26320000,2025-07-16T05:12:46.978709Z
BITFLYER,FX_BTC_JPY,17586139,0.00175000,17588335,0.00100000,2025-07-16T05:12:47.062880Z
BITFLYER,BTC_JPY,17592931,0.03870000,17598500,0.26320000,2025-07-16T05:12:47.112966Z
GMO,BTC_JPY,17580945,0.00500000,17583000,0.00100000,2025-07-16T05:12:47.154544Z
BITFLYER,FX_BTC_JPY,17586139,0.00175000,17588335,0.00100000,2025-07-16T05:12:47.170701Z
BITFLYER,BTC_JPY,17592931,0.03870000,17598500,0.26320000,2025-07-16T05:12:47.230168Z
GMO,BTC,17592492,0.14900000,17592493,0.00124000,2025-07-16T05:12:47.242135Z
BITFLYER,FX_BTC_JPY,17586139,0.00175000,17588335,0.00100000,2025-07-16T05:12:47.324849Z
BITFLYER,BTC_JPY,17592931,0.03870000,17598500,0.26320000,2025-07-16T05:12:47.331539Z
BITFLYER,BTC_JPY,17592934,0.02000000,17597066,0.02000000,2025-07-16T05:12:47.436156Z
BITFLYER,FX_BTC_JPY,17586139,0.00175000,17588335,0.00100000,2025-07-16T05:12:47.474906Z
BITFLYER,FX_BTC_JPY,17587897,0.00100000,17588335,0.00100000,2025-07-16T05:12:47.579879Z
GMO,BTC_JPY,17581140,0.00700000,17583000,0.00100000,2025-07-16T05:12:47.659451Z
BITFLYER,FX_BTC_JPY,17587897,0.00100000,17588335,0.00100000,2025-07-16T05:12:47.699134Z
BITFLYER,BTC_JPY,17592934,0.02000000,17598500,0.26320000,2025-07-16T05:12:47.711929Z
GMO,BTC,17592492,0.04900000,17592493,0.00124000,2025-07-16T05:12:47.744546Z
BITFLYER,BTC_JPY,17592934,0.02000000,17598500,0.22520000,2025-07-16T05:12:47.840254Z
BITFLYER,FX_BTC_JPY,17587897,0.00100000,17588332,0.02070000,2025-07-16T05:12:47.856381Z
BITFLYER,BTC_JPY,17592934,0.02000000,17598500,0.22520000,2025-07-16T05:12:47.969829Z
BITFLYER,FX_BTC_JPY,17587897,0.00100000,17588332,0.02070000,2025-07-16T05:12:48.021837Z
BITFLYER,BTC_JPY,17593100,0.03800000,17598500,0.22520000,2025-07-16T05:12:48.116661Z
BITFLYER,FX_BTC_JPY,17587897,0.00100000,17588331,0.00100000,2025-07-16T05:12:48.126297Z
GMO,BTC_JPY,17581157,0.00500000,17583000,0.00100000,2025-07-16T05:12:48.172283Z
GMO,BTC,17592492,0.14900000,17592493,0.00124000,2025-07-16T05:12:48.253493Z
BITFLYER,FX_BTC_JPY,17587897,0.00100000,17588331,0.00100000,2025-07-16T05:12:48.253520Z
BITFLYER,BTC_JPY,17593100,0.03800000,17598500,0.22520000,2025-07-16T05:12:48.282832Z
BITFLYER,FX_BTC_JPY,17587897,0.00100000,17588331,0.00100000,2025-07-16T05:12:48.357826Z
BITFLYER,BTC_JPY,17593100,0.03800000,17598500,0.22520000,2025-07-16T05:12:48.415379Z
BITFLYER,FX_BTC_JPY,17587897,0.00100000,17588331,0.00100000,2025-07-16T05:12:48.477997Z
BITFLYER,BTC_JPY,17593100,0.03800000,17598497,0.02000000,2025-07-16T05:12:48.551683Z
BITFLYER,FX_BTC_JPY,17587897,0.00100000,17588331,0.00100000,2025-07-16T05:12:48.581942Z
BITFLYER,FX_BTC_JPY,17587897,0.00100000,17588331,0.00100000,2025-07-16T05:12:48.603741Z
GMO,BTC_JPY,17581369,0.00700000,17583000,0.00100000,2025-07-16T05:12:48.668920Z
BITFLYER,BTC_JPY,17593100,0.03800000,17598400,0.03810000,2025-07-16T05:12:48.673036Z
BITFLYER,FX_BTC_JPY,17587897,0.00100000,17588331,0.00100000,2025-07-16T05:12:48.686848Z
GMO,BTC,17592492,0.14900000,17592493,0.00124000,2025-07-16T05:12:48.759697Z
BITFLYER,BTC_JPY,17593100,0.03800000,17598400,0.03810000,2025-07-16T05:12:48.821315Z
BITFLYER,FX_BTC_JPY,17587897,0.00100000,17588331,0.00100000,2025-07-16T05:12:48.821505Z
BITFLYER,BTC_JPY,17593100,0.03800000,17598400,0.03810000,2025-07-16T05:12:48.924897Z
BITFLYER,FX_BTC_JPY,17587897,0.00100000,17588331,0.00100000,2025-07-16T05:12:48.956622Z
BITFLYER,BTC_JPY,17593103,0.02000000,17598400,0.03810000,2025-07-16T05:12:49.052135Z
BITFLYER,FX_BTC_JPY,17587897,0.00100000,17588331,0.00100000,2025-07-16T05:12:49.111105Z
BITFLYER,BTC_JPY,17593103,0.02000000,17598400,0.03810000,2025-07-16T05:12:49.157228Z
GMO,BTC_JPY,17581369,0.00700000,17583000,0.00100000,2025-07-16T05:12:49.169679Z
BITFLYER,FX_BTC_JPY,17587897,0.00100000,17588331,0.00100000,2025-07-16T05:12:49.231859Z
BITFLYER,BTC_JPY,17593103,0.02000000,17598400,0.03810000,2025-07-16T05:12:49.254765Z
GMO,BTC,17592492,0.04900000,17592493,0.00124000,2025-07-16T05:12:49.261672Z
BITFLYER,BTC_JPY,17593103,0.02000000,17598400,0.03810000,2025-07-16T05:12:49.359838Z
BITFLYER,FX_BTC_JPY,17587897,0.00100000,17588331,0.00100000,2025-07-16T05:12:49.395144Z
BITFLYER,FX_BTC_JPY,17587897,0.00100000,17588331,0.00100000,2025-07-16T05:12:49.515069Z
BITFLYER,FX_BTC_JPY,17587897,0.00100000,17588331,0.00100000,2025-07-16T05:12:49.619976Z
BITFLYER,BTC_JPY,17593103,0.02000000,17598400,0.03810000,2025-07-16T05:12:49.670930Z
GMO,BTC_JPY,17580796,0.02000000,17583000,0.00100000,2025-07-16T05:12:49.672925Z
GMO,BTC_JPY,17580796,0.02000000,17583000,0.00100000,2025-07-16T05:12:49.693892Z
GMO,BTC,17592492,0.14900000,17592493,0.00124000,2025-07-16T05:12:49.701284Z
BITFLYER,FX_BTC_JPY,17586745,0.05196016,17588330,0.02090000,2025-07-16T05:12:49.723288Z
BITFLYER,BTC_JPY,17593103,0.02000000,17598400,0.03810000,2025-07-16T05:12:49.815089Z
BITFLYER,FX_BTC_JPY,17583521,0.01001279,17588330,0.02090000,2025-07-16T05:12:49.852608Z
BITFLYER,BTC_JPY,17593103,0.02000000,17598400,0.03810000,2025-07-16T05:12:49.931669Z
BITFLYER,FX_BTC_JPY,17583521,0.01001279,17588310,0.01130000,2025-07-16T05:12:49.958869Z
BITFLYER,BTC_JPY,17593103,0.02000000,17598400,0.03810000,2025-07-16T05:12:50.030688Z
BITFLYER,FX_BTC_JPY,17583665,0.01500000,17585746,0.00300000,2025-07-16T05:12:50.078130Z
BITFLYER,BTC_JPY,17592931,0.03870000,17598400,0.03810000,2025-07-16T05:12:50.146227Z
GMO,BTC_JPY,17581581,0.00700000,17583000,0.00100000,2025-07-16T05:12:50.179116Z
BITFLYER,FX_BTC_JPY,17584886,0.05600000,17588310,0.01130000,2025-07-16T05:12:50.218408Z
BITFLYER,BTC_JPY,17593106,0.02000000,17598400,0.03810000,2025-07-16T05:12:50.271080Z
GMO,BTC,17592492,0.04900000,17592493,0.00124000,2025-07-16T05:12:50.271143Z
BITFLYER,FX_BTC_JPY,17584886,0.05600000,17588310,0.01130000,2025-07-16T05:12:50.320682Z
BITFLYER,FX_BTC_JPY,17582776,0.01000000,17585745,0.00100000,2025-07-16T05:12:50.427234Z
BITFLYER,BTC_JPY,17592159,0.20000000,17597066,0.02000000,2025-07-16T05:12:50.453972Z
BITFLYER,BTC_JPY,17592159,0.20000000,17597066,0.02000000,2025-07-16T05:12:50.510824Z
BITFLYER,FX_BTC_JPY,17582777,0.05500000,17585745,0.00100000,2025-07-16T05:12:50.558167Z
BITFLYER,BTC_JPY,17592159,0.20000000,17597066,0.02000000,2025-07-16T05:12:50.597749Z
BITFLYER,FX_BTC_JPY,17582777,0.05500000,17585745,0.00100000,2025-07-16T05:12:50.683652Z
GMO,BTC_JPY,17577291,0.02000000,17582888,0.02000000,2025-07-16T05:12:50.683882Z
GMO,BTC,17592492,0.13450000,17592493,0.00124000,2025-07-16T05:12:50.771401Z
BITFLYER,BTC_JPY,17592169,0.03840000,17597066,0.02000000,2025-07-16T05:12:50.774529Z
BITFLYER,BTC_JPY,17592169,0.03840000,17597063,0.02000000,2025-07-16T05:12:50.896625Z
BITFLYER,FX_BTC_JPY,17582777,0.05500000,17586823,0.01900000,2025-07-16T05:12:51.065777Z
BITFLYER,BTC_JPY,17592169,0.03840000,17597063,0.02000000,2025-07-16T05:12:51.101646Z
BITFLYER,FX_BTC_JPY,17584276,0.05600000,17588240,0.04400000,2025-07-16T05:12:51.174832Z
GMO,BTC_JPY,17578448,0.02000000,17583000,0.00100000,2025-07-16T05:12:51.182783Z
BITFLYER,BTC_JPY,17592169,0.03840000,17597063,0.02000000,2025-07-16T05:12:51.221734Z
GMO,BTC,17591520,0.02200000,17592493,0.00124000,2025-07-16T05:12:51.279449Z
BITFLYER,FX_BTC_JPY,17584276,0.05099957,17586701,0.00600000,2025-07-16T05:12:51.310959Z
BITFLYER,BTC_JPY,17592169,0.03840000,17597063,0.02000000,2025-07-16T05:12:51.347322Z
BITFLYER,FX_BTC_JPY,17584615,0.05154104,17586701,0.00600000,2025-07-16T05:12:51.420615Z
BITFLYER,BTC_JPY,17592169,0.03840000,17597063,0.02000000,2025-07-16T05:12:51.555464Z
BITFLYER,FX_BTC_JPY,17582777,0.05500000,17586700,0.00100000,2025-07-16T05:12:51.571293Z
BITFLYER,BTC_JPY,17592169,0.03840000,17597063,0.02000000,2025-07-16T05:12:51.694112Z
GMO,BTC_JPY,17578465,0.00500000,17583000,0.00100000,2025-07-16T05:12:51.694295Z
BITFLYER,FX_BTC_JPY,17582777,0.05500000,17586700,0.00100000,2025-07-16T05:12:51.694305Z
GMO,BTC,17592492,0.01900000,17592493,0.00124000,2025-07-16T05:12:51.790193Z
BITFLYER,FX_BTC_JPY,17582777,0.05500000,17586700,0.00100000,2025-07-16T05:12:51.792365Z
BITFLYER,FX_BTC_JPY,17582777,0.05500000,17585065,0.00600000,2025-07-16T05:12:51.901068Z
BITFLYER,BTC_JPY,17592169,0.03840000,17597063,0.02000000,2025-07-16T05:12:51.932024Z
BITFLYER,BTC_JPY,17592169,0.03840000,17597063,0.02000000,2025-07-16T05:12:52.031073Z
BITFLYER,FX_BTC_JPY,17582777,0.05500000,17585065,0.00600000,2025-07-16T05:12:52.049906Z
BITFLYER,BTC_JPY,17592169,0.03840000,17597063,0.02000000,2025-07-16T05:12:52.161280Z
BITFLYER,FX_BTC_JPY,17582777,0.05500000,17585065,0.00600000,2025-07-16T05:12:52.191071Z
GMO,BTC_JPY,17578465,0.00500000,17583000,0.00100000,2025-07-16T05:12:52.191126Z
BITFLYER,BTC_JPY,17592169,0.03840000,17597063,0.02000000,2025-07-16T05:12:52.284836Z
GMO,BTC,17592492,0.01900000,17592493,0.00124000,2025-07-16T05:12:52.291515Z
BITFLYER,FX_BTC_JPY,17582777,0.05500000,17585065,0.00600000,2025-07-16T05:12:52.304338Z
BITFLYER,BTC_JPY,17592169,0.03840000,17597063,0.02000000,2025-07-16T05:12:52.413335Z
BITFLYER,FX_BTC_JPY,17582777,0.05500000,17585065,0.00600000,2025-07-16T05:12:52.420255Z
BITFLYER,BTC_JPY,17592169,0.03840000,17597063,0.02000000,2025-07-16T05:12:52.527117Z
BITFLYER,FX_BTC_JPY,17582777,0.05500000,17585065,0.00600000,2025-07-16T05:12:52.540748Z
BITFLYER,BTC_JPY,17587781,0.02000000,17597063,0.02000000,2025-07-16T05:12:52.651913Z
BITFLYER,FX_BTC_JPY,17582777,0.05500000,17585065,0.00600000,2025-07-16T05:12:52.671653Z
GMO,BTC_JPY,17577483,0.00500000,17583000,0.00100000,2025-07-16T05:12:52.695892Z
BITFLYER,BTC_JPY,17591185,0.03864000,17597063,0.02000000,2025-07-16T05:12:52.781844Z
BITFLYER,FX_BTC_JPY,17582777,0.05500000,17585065,0.00600000,2025-07-16T05:12:52.787513Z
GMO,BTC,17592492,0.01900000,17592493,0.00124000,2025-07-16T05:12:52.796762Z
BITFLYER,FX_BTC_JPY,17582777,0.05500000,17585065,0.00600000,2025-07-16T05:12:52.906803Z
BITFLYER,BTC_JPY,17591185,0.03864000,17597063,0.02000000,2025-07-16T05:12:52.914844Z
BITFLYER,BTC_JPY,17592159,0.20000000,17597063,0.02000000,2025-07-16T05:12:53.031361Z
BITFLYER,FX_BTC_JPY,17582777,0.03500000,17585065,0.00600000,2025-07-16T05:12:53.057448Z
BITFLYER,BTC_JPY,17592159,0.20000000,17596800,0.28830000,2025-07-16T05:12:53.156637Z
BITFLYER,FX_BTC_JPY,17582777,0.03500000,17585065,0.00600000,2025-07-16T05:12:53.198184Z
GMO,BTC_JPY,17578339,0.02000000,17583000,0.00100000,2025-07-16T05:12:53.200011Z
BITFLYER,BTC_JPY,17592159,0.20000000,17596800,0.28830000,2025-07-16T05:12:53.258506Z
GMO,BTC,17592492,0.01900000,17592493,0.00124000,2025-07-16T05:12:53.301246Z
BITFLYER,FX_BTC_JPY,17582777,0.03500000,17585065,0.00600000,2025-07-16T05:12:53.320638Z
BITFLYER,BTC_JPY,17592159,0.20000000,17596800,0.08830000,2025-07-16T05:12:53.380792Z
BITFLYER,FX_BTC_JPY,17582777,0.03500000,17585065,0.00600000,2025-07-16T05:12:53.462893Z
BITFLYER,BTC_JPY,17592159,0.20000000,17596797,0.02000000,2025-07-16T05:12:53.532782Z
BITFLYER,FX_BTC_JPY,17582777,0.03500000,17585065,0.00600000,2025-07-16T05:12:53.581294Z
BITFLYER,FX_BTC_JPY,17582777,0.03500000,17585065,0.00600000,2025-07-16T05:12:53.581392Z
BITFLYER,BTC_JPY,17592159,0.20000000,17596200,0.20000000,2025-07-16T05:12:53.645868Z
BITFLYER,FX_BTC_JPY,17584309,0.05099957,17585065,0.00600000,2025-07-16T05:12:53.671781Z
GMO,BTC_JPY,17578339,0.02000000,17583000,0.00100000,2025-07-16T05:12:53.704002Z
BITFLYER,BTC_JPY,17592159,0.20000000,17596797,0.02000000,2025-07-16T05:12:53.772266Z
BITFLYER,FX_BTC_JPY,17584309,0.05099957,17585065,0.00600000,2025-07-16T05:12:53.773744Z
GMO,BTC,17592492,0.01900000,17592493,0.00124000,2025-07-16T05:12:53.805886Z
BITFLYER,FX_BTC_JPY,17584309,0.05099957,17585065,0.00600000,2025-07-16T05:12:53.933999Z
BITFLYER,BTC_JPY,17592159,0.20000000,17596800,0.08830000,2025-07-16T05:12:54.073660Z
BITFLYER,FX_BTC_JPY,17584506,0.05020265,17585065,0.00600000,2025-07-16T05:12:54.073922Z
BITFLYER,BTC_JPY,17592159,0.20000000,17596794,0.02000000,2025-07-16T05:12:54.140331Z
BITFLYER,FX_BTC_JPY,17584506,0.05020265,17585065,0.00600000,2025-07-16T05:12:54.173074Z
GMO,BTC_JPY,17578339,0.02000000,17583000,0.00100000,2025-07-16T05:12:54.207175Z
BITFLYER,BTC_JPY,17592159,0.20000000,17596794,0.02000000,2025-07-16T05:12:54.258145Z
GMO,BTC,17592492,0.01900000,17592493,0.00124000,2025-07-16T05:12:54.311903Z
BITFLYER,FX_BTC_JPY,17584506,0.05020265,17585065,0.00600000,2025-07-16T05:12:54.316524Z
BITFLYER,BTC_JPY,17592159,0.20000000,17596800,0.08830000,2025-07-16T05:12:54.378583Z
BITFLYER,FX_BTC_JPY,17584506,0.05020265,17585065,0.00600000,2025-07-16T05:12:54.492614Z
BITFLYER,BTC_JPY,17592159,0.20000000,17596791,0.02000000,2025-07-16T05:12:54.492732Z
BITFLYER,BTC_JPY,17592159,0.20000000,17596791,0.02000000,2025-07-16T05:12:54.608512Z
BITFLYER,FX_BTC_JPY,17584309,0.05099957,17585065,0.00600000,2025-07-16T05:12:54.621125Z
GMO,BTC_JPY,17578339,0.02000000,17583000,0.00100000,2025-07-16T05:12:54.710016Z
GMO,BTC_JPY,17578339,0.02000000,17583000,0.00100000,2025-07-16T05:12:54.755860Z
BITFLYER,FX_BTC_JPY,17584309,0.05099957,17585065,0.00600000,2025-07-16T05:12:54.767307Z
GMO,BTC,17592492,0.01900000,17592493,0.00124000,2025-07-16T05:12:54.775977Z
BITFLYER,BTC_JPY,17591185,0.03864000,17596800,0.08830000,2025-07-16T05:12:54.800977Z
BITFLYER,FX_BTC_JPY,17584309,0.05099957,17585065,0.00600000,2025-07-16T05:12:54.869738Z
BITFLYER,BTC_JPY,17591185,0.03864000,17596788,0.02000000,2025-07-16T05:12:54.944899Z
BITFLYER,FX_BTC_JPY,17584309,0.05099957,17585065,0.00600000,2025-07-16T05:12:54.975157Z
BITFLYER,BTC_JPY,17587792,0.01074480,17596788,0.02000000,2025-07-16T05:12:55.099654Z
BITFLYER,BTC_JPY,17591012,0.04131000,17596785,0.02000000,2025-07-16T05:12:55.212700Z
BITFLYER,FX_BTC_JPY,17584309,0.05099957,17585065,0.00600000,2025-07-16T05:12:55.212807Z
GMO,BTC_JPY,17578673,0.02000000,17582633,0.01900000,2025-07-16T05:12:55.214344Z
BITFLYER,FX_BTC_JPY,17584309,0.05099957,17585065,0.00600000,2025-07-16T05:12:55.318360Z
GMO,BTC,17592492,0.01900000,17592493,0.00124000,2025-07-16T05:12:55.318441Z
BITFLYER,BTC_JPY,17591012,0.04131000,17596785,0.02000000,2025-07-16T05:12:55.324868Z
BITFLYER,FX_BTC_JPY,17584309,0.05099957,17585065,0.00600000,2025-07-16T05:12:55.421690Z
BITFLYER,BTC_JPY,17591361,0.19971700,17596500,0.20020000,2025-07-16T05:12:55.455997Z
BITFLYER,BTC_JPY,17591361,0.19971700,17596500,0.20020000,2025-07-16T05:12:55.525565Z
BITFLYER,FX_BTC_JPY,17584309,0.05099957,17585065,0.00600000,2025-07-16T05:12:55.531551Z
BITFLYER,BTC_JPY,17591361,0.19971700,17596500,0.20020000,2025-07-16T05:12:55.578308Z
BITFLYER,FX_BTC_JPY,17584309,0.05099957,17585065,0.00600000,2025-07-16T05:12:55.704750Z
BITFLYER,BTC_JPY,17591361,0.19971700,17596500,0.20020000,2025-07-16T05:12:55.712069Z
GMO,BTC_JPY,17577304,0.02800000,17582633,0.01900000,2025-07-16T05:12:55.719997Z
BITFLYER,FX_BTC_JPY,17584309,0.05099957,17585065,0.00600000,2025-07-16T05:12:55.809540Z
BITFLYER,BTC_JPY,17591361,0.19971700,17596500,0.20020000,2025-07-16T05:12:55.851597Z
BITFLYER,FX_BTC_JPY,17584309,0.05099957,17585065,0.00600000,2025-07-16T05:12:55.932413Z
BITFLYER,BTC_JPY,17591361,0.19971700,17596497,0.02000000,2025-07-16T05:12:55.998912Z
BITFLYER,FX_BTC_JPY,17584309,0.05099957,17585065,0.00600000,2025-07-16T05:12:56.034674Z
BITFLYER,BTC_JPY,17591361,0.19971700,17596497,0.02000000,2025-07-16T05:12:56.120707Z
BITFLYER,FX_BTC_JPY,17582777,0.03500000,17585065,0.00600000,2025-07-16T05:12:56.149346Z
GMO,BTC_JPY,17578381,0.02000000,17582633,0.01900000,2025-07-16T05:12:56.227200Z
BITFLYER,FX_BTC_JPY,17583760,0.05099957,17585065,0.00600000,2025-07-16T05:12:56.277007Z
BITFLYER,BTC_JPY,17591362,0.02000000,17596497,0.02000000,2025-07-16T05:12:56.277122Z
GMO,BTC,17589999,0.05000000,17592493,0.00124000,2025-07-16T05:12:56.332877Z
BITFLYER,FX_BTC_JPY,17584002,0.05054458,17585065,0.00600000,2025-07-16T05:12:56.376791Z
BITFLYER,BTC_JPY,17591362,0.02000000,17595700,0.08830000,2025-07-16T05:12:56.399283Z
BITFLYER,FX_BTC_JPY,17584002,0.05054458,17585065,0.00600000,2025-07-16T05:12:56.527015Z
BITFLYER,BTC_JPY,17591362,0.02000000,17595700,0.08830000,2025-07-16T05:12:56.532083Z
BITFLYER,FX_BTC_JPY,17584002,0.05054458,17585065,0.00600000,2025-07-16T05:12:56.658352Z
BITFLYER,BTC_JPY,17591361,0.19971700,17595700,0.08830000,2025-07-16T05:12:56.661885Z
GMO,BTC_JPY,17578064,0.00800000,17582633,0.01900000,2025-07-16T05:12:56.733168Z
BITFLYER,FX_BTC_JPY,17584002,0.05054458,17585065,0.00600000,2025-07-16T05:12:56.761096Z
BITFLYER,BTC_JPY,17591361,0.19971700,17595700,0.08830000,2025-07-16T05:12:56.785426Z
GMO,BTC,17592492,0.00500000,17592493,0.00124000,2025-07-16T05:12:56.831040Z
BITFLYER,FX_BTC_JPY,17584002,0.05054458,17585065,0.00600000,2025-07-16T05:12:56.867807Z
BITFLYER,BTC_JPY,17591361,0.19971700,17595697,0.02000000,2025-07-16T05:12:56.902099Z
BITFLYER,FX_BTC_JPY,17584002,0.05054458,17585065,0.00600000,2025-07-16T05:12:57.003007Z
BITFLYER,BTC_JPY,17591361,0.19971700,17595697,0.02000000,2025-07-16T05:12:57.011091Z
BITFLYER,FX_BTC_JPY,17584038,0.01000000,17585065,0.00600000,2025-07-16T05:12:57.151974Z
GMO,BTC_JPY,17578081,0.00500000,17582633,0.01900000,2025-07-16T05:12:57.242551Z
BITFLYER,BTC_JPY,17591362,0.02000000,17595697,0.02000000,2025-07-16T05:12:57.250192Z
BITFLYER,FX_BTC_JPY,17584038,0.01000000,17585065,0.00600000,2025-07-16T05:12:57.250280Z
GMO,BTC,17592492,0.01000000,17592493,0.00124000,2025-07-16T05:12:57.338323Z
BITFLYER,BTC_JPY,17591362,0.02000000,17595697,0.02000000,2025-07-16T05:12:57.359369Z
BITFLYER,FX_BTC_JPY,17584038,0.01000000,17585065,0.00600000,2025-07-16T05:12:57.372745Z
BITFLYER,BTC_JPY,17591362,0.02000000,17595697,0.02000000,2025-07-16T05:12:57.479603Z
BITFLYER,FX_BTC_JPY,17584038,0.01000000,17585065,0.00600000,2025-07-16T05:12:57.574842Z
BITFLYER,FX_BTC_JPY,17584038,0.01000000,17585065,0.00600000,2025-07-16T05:12:57.722292Z
GMO,BTC_JPY,17578551,0.02000000,17582633,0.01900000,2025-07-16T05:12:57.747238Z
BITFLYER,BTC_JPY,17591377,0.00966280,17595697,0.02000000,2025-07-16T05:12:57.753004Z
BITFLYER,FX_BTC_JPY,17584038,0.01000000,17585065,0.00600000,2025-07-16T05:12:57.865619Z
GMO,BTC,17592492,0.01000000,17592493,0.00124000,2025-07-16T05:12:57.865710Z
BITFLYER,BTC_JPY,17591377,0.00966280,17595697,0.02000000,2025-07-16T05:12:57.868426Z
BITFLYER,FX_BTC_JPY,17584038,0.01000000,17585065,0.00600000,2025-07-16T05:12:57.958986Z
BITFLYER,BTC_JPY,17591377,0.00966280,17595697,0.02000000,2025-07-16T05:12:57.975292Z
BITFLYER,FX_BTC_JPY,17584038,0.01000000,17585065,0.00600000,2025-07-16T05:12:58.061125Z
BITFLYER,FX_BTC_JPY,17584038,0.01000000,17585065,0.00600000,2025-07-16T05:12:58.209861Z
BITFLYER,BTC_JPY,17591361,0.19971700,17595697,0.02000000,2025-07-16T05:12:58.222240Z
GMO,BTC_JPY,17577334,0.00600000,17582624,0.01000000,2025-07-16T05:12:58.251800Z
GMO,BTC,17592492,0.01000000,17592493,0.00124000,2025-07-16T05:12:58.350168Z
BITFLYER,FX_BTC_JPY,17584038,0.01000000,17585065,0.00600000,2025-07-16T05:12:58.372542Z
BITFLYER,BTC_JPY,17591361,0.19971700,17595697,0.02000000,2025-07-16T05:12:58.455094Z
BITFLYER,FX_BTC_JPY,17584038,0.01000000,17585065,0.00600000,2025-07-16T05:12:58.492184Z
BITFLYER,FX_BTC_JPY,17584038,0.01000000,17585065,0.00600000,2025-07-16T05:12:58.596022Z
BITFLYER,FX_BTC_JPY,17584038,0.01000000,17585065,0.00600000,2025-07-16T05:12:58.658004Z
BITFLYER,BTC_JPY,17591361,0.19971700,17595697,0.02000000,2025-07-16T05:12:58.664507Z
GMO,BTC_JPY,17577351,0.00500000,17582624,0.01000000,2025-07-16T05:12:58.757691Z
BITFLYER,FX_BTC_JPY,17584038,0.01000000,17585065,0.00600000,2025-07-16T05:12:58.795193Z
GMO,BTC,17592492,0.01000000,17592493,0.00124000,2025-07-16T05:12:58.851259Z
BITFLYER,FX_BTC_JPY,17584229,0.05235583,17585065,0.00600000,2025-07-16T05:12:58.896768Z
BITFLYER,FX_BTC_JPY,17584229,0.05235583,17585065,0.00600000,2025-07-16T05:12:59.003925Z
BITFLYER,FX_BTC_JPY,17584229,0.05235583,17585065,0.00600000,2025-07-16T05:12:59.166452Z
BITFLYER,BTC_JPY,17591361,0.19971700,17595697,0.02000000,2025-07-16T05:12:59.217581Z
GMO,BTC_JPY,17577351,0.00500000,17582624,0.01000000,2025-07-16T05:12:59.259335Z
BITFLYER,FX_BTC_JPY,17584229,0.05235583,17585065,0.00600000,2025-07-16T05:12:59.293856Z
GMO,BTC,17592492,0.01000000,17592493,0.00124000,2025-07-16T05:12:59.357410Z
BITFLYER,FX_BTC_JPY,17584229,0.05235583,17585065,0.00600000,2025-07-16T05:12:59.454731Z
BITFLYER,BTC_JPY,17591361,0.19971700,17595697,0.02000000,2025-07-16T05:12:59.477225Z
GMO,BTC_JPY,17577351,0.00500000,17582624,0.01000000,2025-07-16T05:12:59.775482Z
BITFLYER,BTC_JPY,17591361,0.19971700,17595697,0.02000000,2025-07-16T05:12:59.822093Z
GMO,BTC_JPY,17577351,0.00500000,17582624,0.01000000,2025-07-16T05:12:59.830932Z
GMO,BTC,17592492,0.01000000,17592493,0.00124000,2025-07-16T05:12:59.839314Z
BITFLYER,FX_BTC_JPY,17584229,0.05235583,17585065,0.00600000,2025-07-16T05:12:59.852138Z
BITFLYER,BTC_JPY,17591361,0.19971700,17595697,0.02000000,2025-07-16T05:12:59.944581Z
BITFLYER,BTC_JPY,17591361,0.19971700,17595697,0.02000000,2025-07-16T05:13:00.070790Z
BITFLYER,FX_BTC_JPY,17584263,0.01000000,17585065,0.00600000,2025-07-16T05:13:00.120821Z
BITFLYER,BTC_JPY,17591361,0.19971700,17595697,0.02000000,2025-07-16T05:13:00.177871Z
BITFLYER,FX_BTC_JPY,17584263,0.01000000,17585065,0.00600000,2025-07-16T05:13:00.270920Z
GMO,BTC_JPY,17577351,0.00500000,17582624,0.01000000,2025-07-16T05:13:00.270929Z
GMO,BTC,17592492,0.01000000,17592493,0.00124000,2025-07-16T05:13:00.378299Z
BITFLYER,FX_BTC_JPY,17584263,0.01000000,17585065,0.00600000,2025-07-16T05:13:00.379430Z
BITFLYER,FX_BTC_JPY,17584263,0.01000000,17585065,0.00600000,2025-07-16T05:13:00.493673Z
BITFLYER,BTC_JPY,17591362,0.02000000,17595697,0.02000000,2025-07-16T05:13:00.523632Z
BITFLYER,FX_BTC_JPY,17584263,0.01000000,17585065,0.00600000,2025-07-16T05:13:00.618102Z
BITFLYER,BTC_JPY,17591362,0.02000000,17595697,0.02000000,2025-07-16T05:13:00.627565Z
BITFLYER,FX_BTC_JPY,17584263,0.01000000,17585065,0.00600000,2025-07-16T05:13:00.748841Z
GMO,BTC_JPY,17577352,0.05300000,17582624,0.01000000,2025-07-16T05:13:00.770994Z
BITFLYER,FX_BTC_JPY,17584263,0.01000000,17585065,0.00600000,2025-07-16T05:13:00.827715Z
GMO,BTC,17589999,0.05000000,17592493,0.00124000,2025-07-16T05:13:00.872682Z
BITFLYER,FX_BTC_JPY,17584263,0.01000000,17585065,0.00600000,2025-07-16T05:13:00.957077Z
BITFLYER,FX_BTC_JPY,17584263,0.01000000,17585065,0.00600000,2025-07-16T05:13:01.064729Z
BITFLYER,BTC_JPY,17591377,0.00966280,17595697,0.02000000,2025-07-16T05:13:01.104736Z
BITFLYER,FX_BTC_JPY,17584263,0.01000000,17585065,0.00600000,2025-07-16T05:13:01.167471Z
GMO,BTC_JPY,17577369,0.00500000,17582624,0.01000000,2025-07-16T05:13:01.277576Z
BITFLYER,FX_BTC_JPY,17584263,0.01000000,17585065,0.00600000,2025-07-16T05:13:01.302419Z
GMO,BTC,17592492,0.00500000,17592493,0.00124000,2025-07-16T05:13:01.378976Z
BITFLYER,FX_BTC_JPY,17584263,0.01000000,17585065,0.00600000,2025-07-16T05:13:01.411381Z
BITFLYER,BTC_JPY,17591377,0.00966280,17595697,0.02000000,2025-07-16T05:13:01.462139Z
BITFLYER,FX_BTC_JPY,17585177,0.04559494,17587077,0.02000000,2025-07-16T05:13:01.520506Z
BITFLYER,FX_BTC_JPY,17585177,0.04559494,17587077,0.02000000,2025-07-16T05:13:01.645870Z
BITFLYER,BTC_JPY,17591377,0.00966280,17595697,0.02000000,2025-07-16T05:13:01.694774Z
BITFLYER,FX_BTC_JPY,17585177,0.04559494,17587077,0.02000000,2025-07-16T05:13:01.816052Z
GMO,BTC_JPY,17577370,0.02000000,17582624,0.01000000,2025-07-16T05:13:01.816051Z
BITFLYER,BTC_JPY,17591377,0.00966280,17595697,0.02000000,2025-07-16T05:13:01.832320Z
BITFLYER,FX_BTC_JPY,17585142,0.00600000,17587077,0.02000000,2025-07-16T05:13:01.865995Z
GMO,BTC,17592492,0.01000000,17592493,0.00124000,2025-07-16T05:13:01.883840Z
BITFLYER,BTC_JPY,17591361,0.19971700,17595697,0.02000000,2025-07-16T05:13:01.952621Z
BITFLYER,FX_BTC_JPY,17585142,0.00600000,17586139,0.01130000,2025-07-16T05:13:01.979196Z
BITFLYER,FX_BTC_JPY,17585142,0.00600000,17586139,0.01130000,2025-07-16T05:13:02.093979Z
BITFLYER,FX_BTC_JPY,17585142,0.00600000,17586138,0.04500000,2025-07-16T05:13:02.235437Z
BITFLYER,BTC_JPY,17591361,0.19971700,17595697,0.02000000,2025-07-16T05:13:02.272685Z
GMO,BTC_JPY,17577870,0.01300000,17582623,0.02000000,2025-07-16T05:13:02.281954Z
BITFLYER,FX_BTC_JPY,17585142,0.00600000,17586138,0.04500000,2025-07-16T05:13:02.369580Z
GMO,BTC,17592492,0.01000000,17592493,0.00124000,2025-07-16T05:13:02.386835Z
BITFLYER,BTC_JPY,17591361,0.19971700,17595697,0.02000000,2025-07-16T05:13:02.386840Z
BITFLYER,FX_BTC_JPY,17585142,0.00600000,17586138,0.04500000,2025-07-16T05:13:02.474600Z
BITFLYER,FX_BTC_JPY,17585142,0.00600000,17586138,0.04500000,2025-07-16T05:13:02.609222Z
BITFLYER,FX_BTC_JPY,17585142,0.00600000,17586138,0.04500000,2025-07-16T05:13:02.708127Z
GMO,BTC_JPY,17578370,0.01300000,17582617,0.01000000,2025-07-16T05:13:02.789453Z
BITFLYER,FX_BTC_JPY,17585142,0.00600000,17586138,0.04400000,2025-07-16T05:13:02.845670Z
BITFLYER,BTC_JPY,17591361,0.19971700,17595697,0.02000000,2025-07-16T05:13:02.911179Z
BITFLYER,FX_BTC_JPY,17585142,0.00600000,17586138,0.04400000,2025-07-16T05:13:02.958794Z
BITFLYER,BTC_JPY,17591361,0.19971700,17595697,0.02000000,2025-07-16T05:13:03.032782Z
BITFLYER,FX_BTC_JPY,17585142,0.00600000,17586138,0.04400000,2025-07-16T05:13:03.072674Z
BITFLYER,BTC_JPY,17591361,0.19971700,17595697,0.02000000,2025-07-16T05:13:03.170644Z
BITFLYER,FX_BTC_JPY,17585142,0.00600000,17587077,0.02000000,2025-07-16T05:13:03.176610Z
BITFLYER,FX_BTC_JPY,17586058,0.03600000,17587077,0.02000000,2025-07-16T05:13:03.316647Z
GMO,BTC_JPY,17577871,0.02300000,17582617,0.01000000,2025-07-16T05:13:03.472679Z
GMO,BTC,17592492,0.01000000,17592493,0.00124000,2025-07-16T05:13:03.506437Z
BITFLYER,BTC_JPY,17591362,0.02000000,17597900,0.08830000,2025-07-16T05:13:03.506530Z
BITFLYER,FX_BTC_JPY,17586058,0.03600000,17587077,0.02000000,2025-07-16T05:13:03.506851Z
BITFLYER,BTC_JPY,17591395,0.00966280,17597900,0.08830000,2025-07-16T05:13:03.516203Z
BITFLYER,FX_BTC_JPY,17585142,0.00600000,17586867,0.01130000,2025-07-16T05:13:03.573457Z
BITFLYER,FX_BTC_JPY,17585142,0.00600000,17586867,0.01130000,2025-07-16T05:13:03.573570Z
BITFLYER,BTC_JPY,17591395,0.00966280,17597900,0.08830000,2025-07-16T05:13:03.640741Z
BITFLYER,FX_BTC_JPY,17585142,0.00600000,17586867,0.01130000,2025-07-16T05:13:03.663825Z
BITFLYER,BTC_JPY,17591395,0.00966280,17597900,0.08830000,2025-07-16T05:13:03.772523Z
BITFLYER,FX_BTC_JPY,17585142,0.00600000,17586867,0.01130000,2025-07-16T05:13:03.782439Z
GMO,BTC_JPY,17578871,0.01300000,17582617,0.01000000,2025-07-16T05:13:03.796282Z
BITFLYER,BTC_JPY,17591395,0.00966280,17597900,0.08830000,2025-07-16T05:13:03.898443Z
GMO,BTC,17592492,0.01000000,17592493,0.00124000,2025-07-16T05:13:03.903877Z
BITFLYER,FX_BTC_JPY,17585142,0.00600000,17586867,0.01130000,2025-07-16T05:13:03.920119Z
BITFLYER,BTC_JPY,17591361,0.19971700,17597900,0.08830000,2025-07-16T05:13:04.021802Z
BITFLYER,FX_BTC_JPY,17582739,0.08100000,17584143,0.00300000,2025-07-16T05:13:04.050008Z
BITFLYER,BTC_JPY,17591368,0.02000000,17597066,0.02000000,2025-07-16T05:13:04.161266Z
BITFLYER,FX_BTC_JPY,17582738,0.06870000,17585127,0.01130000,2025-07-16T05:13:04.186040Z
BITFLYER,BTC_JPY,17591368,0.02000000,17597066,0.02000000,2025-07-16T05:13:04.271139Z
BITFLYER,FX_BTC_JPY,17582737,0.00300000,17585127,0.01130000,2025-07-16T05:13:04.290029Z
GMO,BTC_JPY,17577871,0.00300000,17580928,0.02000000,2025-07-16T05:13:04.301690Z
BITFLYER,BTC_JPY,17591361,0.19971700,17597066,0.02000000,2025-07-16T05:13:04.376954Z
BITFLYER,FX_BTC_JPY,17582736,0.09450651,17584142,0.00100000,2025-07-16T05:13:04.392997Z
GMO,BTC,17592492,0.01000000,17592493,0.00124000,2025-07-16T05:13:04.411952Z
BITFLYER,BTC_JPY,17591371,0.02000000,17597066,0.02000000,2025-07-16T05:13:04.497460Z
BITFLYER,FX_BTC_JPY,17582736,0.09450651,17585293,0.00600000,2025-07-16T05:13:04.498961Z
BITFLYER,FX_BTC_JPY,17582736,0.09450651,17584603,0.01980069,2025-07-16T05:13:04.604638Z
BITFLYER,BTC_JPY,17591371,0.02000000,17597066,0.02000000,2025-07-16T05:13:04.614729Z
BITFLYER,FX_BTC_JPY,17582736,0.09450651,17584141,0.00100000,2025-07-16T05:13:04.706518Z
BITFLYER,BTC_JPY,17591371,0.02000000,17596900,0.08830000,2025-07-16T05:13:04.720097Z
GMO,BTC_JPY,17577871,0.00300000,17580918,0.00900000,2025-07-16T05:13:04.845944Z
BITFLYER,FX_BTC_JPY,17582736,0.09450651,17584511,0.03000000,2025-07-16T05:13:04.845994Z
GMO,BTC_JPY,17577871,0.00300000,17580918,0.00900000,2025-07-16T05:13:04.916928Z
BITFLYER,BTC_JPY,17591371,0.02000000,17596900,0.08830000,2025-07-16T05:13:04.917039Z
BITFLYER,FX_BTC_JPY,17582736,0.09450651,17584511,0.03000000,2025-07-16T05:13:04.937236Z
GMO,BTC,17592492,0.01000000,17592493,0.00124000,2025-07-16T05:13:04.937306Z
GMO,BTC,17592492,0.01000000,17592493,0.00124000,2025-07-16T05:13:04.957048Z
BITFLYER,BTC_JPY,17591547,0.20000000,17596900,0.08830000,2025-07-16T05:13:05.102855Z
BITFLYER,FX_BTC_JPY,17582736,0.09450651,17584511,0.03000000,2025-07-16T05:13:05.103065Z
BITFLYER,FX_BTC_JPY,17582736,0.09450651,17584511,0.03000000,2025-07-16T05:13:05.177401Z
BITFLYER,BTC_JPY,17591547,0.20000000,17596899,0.02000000,2025-07-16T05:13:05.256680Z
BITFLYER,FX_BTC_JPY,17582736,0.09450651,17584511,0.03000000,2025-07-16T05:13:05.291895Z
GMO,BTC_JPY,17577871,0.00300000,17580909,0.00900000,2025-07-16T05:13:05.309640Z
BITFLYER,BTC_JPY,17591547,0.20000000,17596899,0.02000000,2025-07-16T05:13:05.405632Z
BITFLYER,FX_BTC_JPY,17582736,0.09450651,17584511,0.03000000,2025-07-16T05:13:05.405743Z
GMO,BTC,17592492,0.01000000,17592493,0.00124000,2025-07-16T05:13:05.458918Z
BITFLYER,FX_BTC_JPY,17582736,0.09450651,17584511,0.03000000,2025-07-16T05:13:05.522539Z
BITFLYER,BTC_JPY,17591550,0.02000000,17596899,0.02000000,2025-07-16T05:13:05.551492Z
BITFLYER,FX_BTC_JPY,17582736,0.09450651,17584511,0.03000000,2025-07-16T05:13:05.612710Z
BITFLYER,BTC_JPY,17591550,0.02000000,17596899,0.02000000,2025-07-16T05:13:05.612796Z
BITFLYER,FX_BTC_JPY,17582736,0.07450651,17584511,0.03000000,2025-07-16T05:13:05.751507Z
BITFLYER,BTC_JPY,17591550,0.02000000,17596899,0.02000000,2025-07-16T05:13:05.773401Z
GMO,BTC_JPY,17577871,0.00300000,17580903,0.01000000,2025-07-16T05:13:05.813771Z
BITFLYER,FX_BTC_JPY,17582736,0.07450651,17584511,0.03000000,2025-07-16T05:13:05.900417Z
BITFLYER,BTC_JPY,17591550,0.02000000,17596899,0.02000000,2025-07-16T05:13:05.900531Z
GMO,BTC,17589999,0.05000000,17592493,0.00124000,2025-07-16T05:13:05.931697Z
BITFLYER,BTC_JPY,17591550,0.02000000,17596899,0.02000000,2025-07-16T05:13:06.025060Z
BITFLYER,FX_BTC_JPY,17582736,0.07450651,17584511,0.03000000,2025-07-16T05:13:06.025201Z
BITFLYER,BTC_JPY,17591550,0.02000000,17596899,0.02000000,2025-07-16T05:13:06.132315Z
BITFLYER,FX_BTC_JPY,17582736,0.07450651,17584511,0.03000000,2025-07-16T05:13:06.187352Z
BITFLYER,FX_BTC_JPY,17582736,0.07450651,17584511,0.03000000,2025-07-16T05:13:06.305734Z
GMO,BTC_JPY,17576517,0.00100000,17580893,0.01000000,2025-07-16T05:13:06.317091Z
GMO,BTC,17590000,0.10000000,17592493,0.00124000,2025-07-16T05:13:06.433369Z
BITFLYER,FX_BTC_JPY,17582919,0.05220214,17584511,0.03000000,2025-07-16T05:13:06.459466Z
BITFLYER,FX_BTC_JPY,17582919,0.05220214,17584511,0.03000000,2025-07-16T05:13:06.607053Z
BITFLYER,BTC_JPY,17591550,0.02000000,17596899,0.02000000,2025-07-16T05:13:06.610944Z
BITFLYER,FX_BTC_JPY,17582919,0.05220214,17584511,0.03000000,2025-07-16T05:13:06.747065Z
GMO,BTC_JPY,17576517,0.00100000,17580883,0.01000000,2025-07-16T05:13:06.821267Z
BITFLYER,FX_BTC_JPY,17582919,0.05220214,17584511,0.03000000,2025-07-16T05:13:06.909274Z
GMO,BTC,17592492,0.01000000,17592493,0.00124000,2025-07-16T05:13:06.939020Z
BITFLYER,BTC_JPY,17591550,0.02000000,17596899,0.02000000,2025-07-16T05:13:06.992611Z
BITFLYER,FX_BTC_JPY,17582919,0.05220214,17584511,0.03000000,2025-07-16T05:13:07.024506Z
BITFLYER,BTC_JPY,17591550,0.02000000,17596899,0.02000000,2025-07-16T05:13:07.135726Z
BITFLYER,FX_BTC_JPY,17582919,0.05220214,17584283,0.01980069,2025-07-16T05:13:07.145798Z
BITFLYER,FX_BTC_JPY,17582919,0.05220214,17584510,0.00100000,2025-07-16T05:13:07.292818Z
GMO,BTC_JPY,17576517,0.00100000,17580875,0.01000000,2025-07-16T05:13:07.327890Z
BITFLYER,FX_BTC_JPY,17582919,0.05220214,17584510,0.00100000,2025-07-16T05:13:07.432270Z
GMO,BTC,17592492,0.01000000,17592493,0.00124000,2025-07-16T05:13:07.454170Z
BITFLYER,FX_BTC_JPY,17582919,0.05220214,17584510,0.00100000,2025-07-16T05:13:07.569147Z
BITFLYER,FX_BTC_JPY,17582919,0.05220214,17584510,0.00100000,2025-07-16T05:13:07.720821Z
BITFLYER,FX_BTC_JPY,17582919,0.05220214,17584510,0.00100000,2025-07-16T05:13:07.822254Z
GMO,BTC_JPY,17576517,0.00100000,17580870,0.01000000,2025-07-16T05:13:07.832376Z
GMO,BTC,17592492,0.01000000,17592493,0.00124000,2025-07-16T05:13:07.951893Z
BITFLYER,BTC_JPY,17591550,0.02000000,17596899,0.02000000,2025-07-16T05:13:07.960396Z
BITFLYER,FX_BTC_JPY,17582919,0.05220214,17584511,0.03000000,2025-07-16T05:13:07.972711Z
BITFLYER,BTC_JPY,17591550,0.02000000,17596899,0.02000000,2025-07-16T05:13:08.071286Z
BITFLYER,FX_BTC_JPY,17582919,0.05220214,17584511,0.03000000,2025-07-16T05:13:08.092648Z
BITFLYER,FX_BTC_JPY,17582919,0.05220214,17584511,0.03000000,2025-07-16T05:13:08.200622Z
BITFLYER,FX_BTC_JPY,17582919,0.05220214,17584511,0.03000000,2025-07-16T05:13:08.304057Z
GMO,BTC_JPY,17576517,0.00100000,17580860,0.01000000,2025-07-16T05:13:08.337791Z
BITFLYER,BTC_JPY,17591550,0.02000000,17596899,0.02000000,2025-07-16T05:13:08.355095Z
BITFLYER,FX_BTC_JPY,17582919,0.05220214,17584511,0.03000000,2025-07-16T05:13:08.417582Z
GMO,BTC,17592492,0.01000000,17592493,0.00124000,2025-07-16T05:13:08.456482Z
BITFLYER,BTC_JPY,17591550,0.02000000,17596899,0.02000000,2025-07-16T05:13:08.492229Z
BITFLYER,FX_BTC_JPY,17582919,0.05220214,17584511,0.03000000,2025-07-16T05:13:08.591627Z
BITFLYER,FX_BTC_JPY,17582919,0.05220214,17584511,0.03000000,2025-07-16T05:13:08.591731Z
BITFLYER,BTC_JPY,17591550,0.02000000,17596899,0.02000000,2025-07-16T05:13:08.604856Z
BITFLYER,FX_BTC_JPY,17582919,0.05220214,17584511,0.03000000,2025-07-16T05:13:08.672805Z
BITFLYER,BTC_JPY,17591550,0.02000000,17596899,0.02000000,2025-07-16T05:13:08.731985Z
BITFLYER,FX_BTC_JPY,17582919,0.05220214,17584510,0.08874429,2025-07-16T05:13:08.813309Z
GMO,BTC_JPY,17576518,0.05300000,17580281,0.02000000,2025-07-16T05:13:08.844382Z
BITFLYER,FX_BTC_JPY,17582736,0.07450651,17584510,0.08874429,2025-07-16T05:13:08.910926Z
GMO,BTC,17592492,0.01000000,17592493,0.00124000,2025-07-16T05:13:08.973187Z
BITFLYER,FX_BTC_JPY,17582736,0.00010269,17583878,0.01980069,2025-07-16T05:13:09.018342Z
BITFLYER,BTC_JPY,17591550,0.02000000,17596899,0.02000000,2025-07-16T05:13:09.080466Z
BITFLYER,FX_BTC_JPY,17582736,0.00010269,17583878,0.01980069,2025-07-16T05:13:09.132741Z
BITFLYER,BTC_JPY,17591550,0.02000000,17596899,0.02000000,2025-07-16T05:13:09.191513Z
BITFLYER,FX_BTC_JPY,17582736,0.00010269,17583878,0.01980069,2025-07-16T05:13:09.226832Z
BITFLYER,BTC_JPY,17591550,0.02000000,17596899,0.02000000,2025-07-16T05:13:09.333224Z
BITFLYER,FX_BTC_JPY,17582736,0.00010269,17583877,0.00100000,2025-07-16T05:13:09.333510Z
GMO,BTC,17592492,0.01000000,17592493,0.00124000,2025-07-16T05:13:09.466396Z
BITFLYER,FX_BTC_JPY,17582736,0.00010269,17583878,0.01980069,2025-07-16T05:13:09.476604Z
BITFLYER,FX_BTC_JPY,17581262,0.07225571,17583878,0.01980069,2025-07-16T05:13:09.617684Z
BITFLYER,BTC_JPY,17591550,0.02000000,17596899,0.02000000,2025-07-16T05:13:09.632789Z
BITFLYER,FX_BTC_JPY,17581262,0.07225571,17583877,0.06235028,2025-07-16T05:13:09.746668Z
BITFLYER,BTC_JPY,17591550,0.02000000,17596899,0.02000000,2025-07-16T05:13:09.749769Z
BITFLYER,FX_BTC_JPY,17581264,0.06019931,17583877,0.06235028,2025-07-16T05:13:09.853361Z
GMO,BTC_JPY,17576517,0.00100000,17577292,0.04000000,2025-07-16T05:13:09.858865Z
BITFLYER,BTC_JPY,17591550,0.02000000,17596899,0.02000000,2025-07-16T05:13:09.891492Z
GMO,BTC,17592492,0.01000000,17592493,0.00084000,2025-07-16T05:13:09.971094Z
GMO,BTC_JPY,17576517,0.00100000,17577292,0.04000000,2025-07-16T05:13:09.985527Z
BITFLYER,FX_BTC_JPY,17581264,0.06019931,17583877,0.06235028,2025-07-16T05:13:09.995753Z
BITFLYER,BTC_JPY,17591550,0.02000000,17596899,0.02000000,2025-07-16T05:13:10.011578Z
GMO,BTC,17592492,0.01000000,17592493,0.00084000,2025-07-16T05:13:10.037237Z
BITFLYER,FX_BTC_JPY,17581264,0.06019931,17583877,0.06235028,2025-07-16T05:13:10.097587Z
BITFLYER,BTC_JPY,17591550,0.02000000,17596899,0.02000000,2025-07-16T05:13:10.124960Z
BITFLYER,FX_BTC_JPY,17581264,0.06019931,17583877,0.06135028,2025-07-16T05:13:10.234432Z
BITFLYER,BTC_JPY,17591550,0.02000000,17596899,0.02000000,2025-07-16T05:13:10.252650Z
BITFLYER,FX_BTC_JPY,17581264,0.06019931,17583868,0.03084597,2025-07-16T05:13:10.431339Z
GMO,BTC,17592492,0.01000000,17592493,0.00084000,2025-07-16T05:13:10.477587Z
BITFLYER,BTC_JPY,17591550,0.02000000,17596899,0.02000000,2025-07-16T05:13:10.517707Z
BITFLYER,BTC_JPY,17591550,0.02000000,17596899,0.02000000,2025-07-16T05:13:10.534508Z
BITFLYER,FX_BTC_JPY,17581264,0.06019931,17583868,0.03084597,2025-07-16T05:13:10.534626Z
BITFLYER,FX_BTC_JPY,17581264,0.06019931,17583868,0.03084597,2025-07-16T05:13:10.696875Z
BITFLYER,BTC_JPY,17591550,0.02000000,17596899,0.02000000,2025-07-16T05:13:10.696993Z
BITFLYER,FX_BTC_JPY,17581264,0.06019931,17583868,0.03084597,2025-07-16T05:13:10.765700Z
BITFLYER,BTC_JPY,17591550,0.02000000,17596899,0.02000000,2025-07-16T05:13:10.811254Z
GMO,BTC_JPY,17574668,0.00100000,17577292,0.03100000,2025-07-16T05:13:10.866855Z
BITFLYER,FX_BTC_JPY,17581264,0.06019931,17583868,0.03084597,2025-07-16T05:13:10.922303Z
BITFLYER,BTC_JPY,17591550,0.02000000,17596899,0.02000000,2025-07-16T05:13:10.940595Z
GMO,BTC,17589999,0.05000000,17592493,0.00085000,2025-07-16T05:13:10.983642Z
BITFLYER,FX_BTC_JPY,17581264,0.06019931,17583868,0.03084597,2025-07-16T05:13:11.025463Z
BITFLYER,BTC_JPY,17591550,0.02000000,17596899,0.02000000,2025-07-16T05:13:11.078009Z
BITFLYER,FX_BTC_JPY,17581264,0.06019931,17583746,0.00600000,2025-07-16T05:13:11.133140Z
BITFLYER,FX_BTC_JPY,17581264,0.06019931,17583746,0.00600000,2025-07-16T05:13:11.231938Z
BITFLYER,BTC_JPY,17591550,0.02000000,17596899,0.02000000,2025-07-16T05:13:11.354593Z
BITFLYER,FX_BTC_JPY,17581264,0.06019931,17583746,0.00600000,2025-07-16T05:13:11.371478Z
GMO,BTC_JPY,17574668,0.00100000,17577292,0.03100000,2025-07-16T05:13:11.384818Z
BITFLYER,FX_BTC_JPY,17581264,0.06019931,17583746,0.00600000,2025-07-16T05:13:11.473004Z
BITFLYER,BTC_JPY,17591550,0.02000000,17596899,0.02000000,2025-07-16T05:13:11.476844Z
GMO,BTC,17589999,0.08000000,17592493,0.00084000,2025-07-16T05:13:11.491083Z
BITFLYER,FX_BTC_JPY,17581264,0.06019931,17583746,0.00600000,2025-07-16T05:13:11.589912Z
BITFLYER,BTC_JPY,17591550,0.02000000,17596899,0.02000000,2025-07-16T05:13:11.611886Z
BITFLYER,FX_BTC_JPY,17581778,0.05099957,17583746,0.00600000,2025-07-16T05:13:11.720858Z
BITFLYER,BTC_JPY,17591550,0.02000000,17596899,0.02000000,2025-07-16T05:13:11.736402Z
BITFLYER,FX_BTC_JPY,17581778,0.05099957,17583746,0.00600000,2025-07-16T05:13:11.828675Z
BITFLYER,BTC_JPY,17591550,0.02000000,17596899,0.02000000,2025-07-16T05:13:11.864820Z
GMO,BTC_JPY,17574351,0.00100000,17577292,0.03100000,2025-07-16T05:13:11.875623Z
GMO,BTC,17592436,0.01000000,17592493,0.00084000,2025-07-16T05:13:11.996208Z
BITFLYER,FX_BTC_JPY,17581778,0.05099957,17583746,0.00600000,2025-07-16T05:13:12.011345Z
BITFLYER,BTC_JPY,17591550,0.02000000,17596899,0.02000000,2025-07-16T05:13:12.016615Z
BITFLYER,BTC_JPY,17591550,0.02000000,17596899,0.02000000,2025-07-16T05:13:12.122230Z
BITFLYER,FX_BTC_JPY,17581778,0.05099957,17583745,0.00100000,2025-07-16T05:13:12.127830Z
BITFLYER,BTC_JPY,17591550,0.02000000,17596899,0.02000000,2025-07-16T05:13:12.251026Z
BITFLYER,FX_BTC_JPY,17581778,0.05099957,17583745,0.00100000,2025-07-16T05:13:12.255874Z
BITFLYER,BTC_JPY,17591550,0.02000000,17596899,0.02000000,2025-07-16T05:13:12.371750Z
GMO,BTC_JPY,17574351,0.00100000,17577292,0.03100000,2025-07-16T05:13:12.379456Z
BITFLYER,FX_BTC_JPY,17581778,0.05099957,17582736,0.00100000,2025-07-16T05:13:12.413052Z
GMO,BTC,17592436,0.01000000,17592491,0.00001000,2025-07-16T05:13:12.506978Z
BITFLYER,FX_BTC_JPY,17581778,0.05099957,17582736,0.00100000,2025-07-16T05:13:12.520128Z
BITFLYER,BTC_JPY,17591550,0.02000000,17596899,0.02000000,2025-07-16T05:13:12.599574Z
BITFLYER,FX_BTC_JPY,17581264,0.06019931,17582735,0.00100000,2025-07-16T05:13:12.651833Z
BITFLYER,BTC_JPY,17591550,0.02000000,17596898,0.02725361,2025-07-16T05:13:12.731846Z
BITFLYER,FX_BTC_JPY,17581264,0.05719931,17582736,0.00100000,2025-07-16T05:13:12.777175Z
BITFLYER,BTC_JPY,17587787,0.02000000,17596898,0.02725361,2025-07-16T05:13:12.852724Z
BITFLYER,FX_BTC_JPY,17581264,0.05719931,17582736,0.00100000,2025-07-16T05:13:12.891635Z
GMO,BTC_JPY,17574351,0.00100000,17577292,0.03100000,2025-07-16T05:13:12.891653Z
BITFLYER,BTC_JPY,17587787,0.02000000,17596898,0.02725361,2025-07-16T05:13:12.975014Z
GMO,BTC,17592436,0.01000000,17592491,0.00001000,2025-07-16T05:13:13.010374Z
BITFLYER,FX_BTC_JPY,17581264,0.05719931,17582705,0.03084597,2025-07-16T05:13:13.079361Z
BITFLYER,BTC_JPY,17590026,0.20000000,17596895,0.02000000,2025-07-16T05:13:13.116727Z
BITFLYER,FX_BTC_JPY,17580349,0.07225571,17582705,0.03084597,2025-07-16T05:13:13.198171Z
BITFLYER,BTC_JPY,17590026,0.20000000,17596895,0.02000000,2025-07-16T05:13:13.258542Z
BITFLYER,FX_BTC_JPY,17580349,0.06825514,17582705,0.03084597,2025-07-16T05:13:13.332941Z
BITFLYER,BTC_JPY,17590026,0.20000000,17596894,0.02888401,2025-07-16T05:13:13.381717Z
GMO,BTC_JPY,17574351,0.00100000,17577282,0.01000000,2025-07-16T05:13:13.392238Z
BITFLYER,FX_BTC_JPY,17580349,0.06225429,17582705,0.03084597,2025-07-16T05:13:13.479195Z
BITFLYER,BTC_JPY,17590026,0.20000000,17596894,0.02888401,2025-07-16T05:13:13.489908Z
GMO,BTC,17592436,0.01000000,17592491,0.00001000,2025-07-16T05:13:13.532284Z
BITFLYER,FX_BTC_JPY,17580349,0.06225429,17582704,0.00100000,2025-07-16T05:13:13.616450Z
BITFLYER,FX_BTC_JPY,17580349,0.06225429,17582704,0.00100000,2025-07-16T05:13:13.616562Z
BITFLYER,BTC_JPY,17590026,0.20000000,17596892,0.02000000,2025-07-16T05:13:13.632475Z
BITFLYER,FX_BTC_JPY,17580349,0.06225429,17582704,0.00100000,2025-07-16T05:13:13.704996Z
BITFLYER,BTC_JPY,17590026,0.20000000,17596896,0.03114091,2025-07-16T05:13:13.734092Z
BITFLYER,FX_BTC_JPY,17580349,0.06225429,17582704,0.00100000,2025-07-16T05:13:13.838573Z
BITFLYER,BTC_JPY,17590026,0.20000000,17596891,0.05079350,2025-07-16T05:13:13.893842Z
GMO,BTC_JPY,17574351,0.00100000,17577282,0.01000000,2025-07-16T05:13:13.919508Z
GMO,BTC,17592436,0.01000000,17592491,0.00001000,2025-07-16T05:13:14.239575Z
BITFLYER,FX_BTC_JPY,17580349,0.06225429,17582195,0.03285771,2025-07-16T05:13:14.239625Z
BITFLYER,BTC_JPY,17590026,0.20000000,17596100,0.28830000,2025-07-16T05:13:14.239721Z
BITFLYER,FX_BTC_JPY,17580349,0.06225429,17582195,0.03285771,2025-07-16T05:13:14.239807Z
BITFLYER,BTC_JPY,17590026,0.20000000,17596100,0.57660000,2025-07-16T05:13:14.239874Z
BITFLYER,BTC_JPY,17590026,0.20000000,17596100,0.57660000,2025-07-16T05:13:14.275905Z
BITFLYER,FX_BTC_JPY,17580349,0.06225429,17582195,0.03285771,2025-07-16T05:13:14.337009Z
GMO,BTC_JPY,17573032,0.07000000,17577274,0.01000000,2025-07-16T05:13:14.413180Z
BITFLYER,FX_BTC_JPY,17579861,0.05099957,17582194,0.00100000,2025-07-16T05:13:14.426876Z
BITFLYER,BTC_JPY,17590026,0.20000000,17596097,0.02000000,2025-07-16T05:13:14.467424Z
GMO,BTC,17592436,0.01000000,17592491,0.00001000,2025-07-16T05:13:14.547343Z
BITFLYER,FX_BTC_JPY,17579861,0.05099957,17582195,0.03285771,2025-07-16T05:13:14.556939Z
BITFLYER,BTC_JPY,17590026,0.20000000,17596097,0.02000000,2025-07-16T05:13:14.601833Z
BITFLYER,FX_BTC_JPY,17579861,0.05099957,17582195,0.03285771,2025-07-16T05:13:14.716095Z
BITFLYER,BTC_JPY,17590026,0.20000000,17596097,0.02000000,2025-07-16T05:13:14.743677Z
BITFLYER,FX_BTC_JPY,17579861,0.05099957,17582195,0.03285771,2025-07-16T05:13:14.812827Z
BITFLYER,BTC_JPY,17590026,0.20000000,17596097,0.02000000,2025-07-16T05:13:14.866065Z
GMO,BTC_JPY,17573049,0.00500000,17577274,0.01000000,2025-07-16T05:13:14.908914Z
BITFLYER,FX_BTC_JPY,17579283,0.05145219,17582060,0.08000000,2025-07-16T05:13:14.930782Z
BITFLYER,BTC_JPY,17590026,0.20000000,17596097,0.02000000,2025-07-16T05:13:14.979573Z
GMO,BTC,17592436,0.01000000,17592491,0.00001000,2025-07-16T05:13:15.055743Z
BITFLYER,FX_BTC_JPY,17579064,0.01000000,17581464,0.08000000,2025-07-16T05:13:15.061912Z
GMO,BTC_JPY,17572666,0.06700000,17577062,0.01000000,2025-07-16T05:13:15.104304Z
GMO,BTC,17592436,0.01000000,17592491,0.00001000,2025-07-16T05:13:15.116457Z
BITFLYER,BTC_JPY,17590026,0.20000000,17596096,0.02754677,2025-07-16T05:13:15.116570Z
BITFLYER,FX_BTC_JPY,17575487,0.01840394,17579460,0.08000000,2025-07-16T05:13:15.165255Z
BITFLYER,BTC_JPY,17582672,0.01132560,17595573,0.08478000,2025-07-16T05:13:15.230459Z
BITFLYER,FX_BTC_JPY,17572736,0.07176466,17579460,0.08000000,2025-07-16T05:13:15.293198Z
BITFLYER,BTC_JPY,17581348,0.00082036,17596096,0.04754677,2025-07-16T05:13:15.341962Z
BITFLYER,FX_BTC_JPY,17575724,0.08000000,17579459,0.00100000,2025-07-16T05:13:15.451981Z
BITFLYER,BTC_JPY,17581348,0.00082036,17596096,0.64754677,2025-07-16T05:13:15.464170Z
BITFLYER,BTC_JPY,17581348,0.00082036,17593242,0.08479000,2025-07-16T05:13:15.550463Z
GMO,BTC,17592436,0.01000000,17592491,0.11001000,2025-07-16T05:13:15.562750Z
BITFLYER,BTC_JPY,17581348,0.00082036,17593242,0.08479000,2025-07-16T05:13:15.576689Z
BITFLYER,FX_BTC_JPY,17575398,0.00500000,17579717,0.08000000,2025-07-16T05:13:15.593742Z
BITFLYER,BTC_JPY,17585987,0.03384870,17593242,0.08479000,2025-07-16T05:13:15.732721Z
BITFLYER,FX_BTC_JPY,17572742,0.00728798,17579451,0.02000000,2025-07-16T05:13:15.752817Z
BITFLYER,FX_BTC_JPY,17574096,0.01041194,17579451,0.02000000,2025-07-16T05:13:15.854399Z
BITFLYER,BTC_JPY,17585987,0.03384870,17593241,0.04861550,2025-07-16T05:13:15.870325Z
GMO,BTC_JPY,17568754,0.00300000,17573362,0.07000000,2025-07-16T05:13:15.908653Z
BITFLYER,FX_BTC_JPY,17574001,0.06420000,17579451,0.02000000,2025-07-16T05:13:15.958050Z
BITFLYER,BTC_JPY,17581348,0.00082036,17593241,0.04861550,2025-07-16T05:13:16.000506Z
BITFLYER,FX_BTC_JPY,17576497,0.06420000,17579451,0.02000000,2025-07-16T05:13:16.065359Z
GMO,BTC,17589999,0.05000000,17592491,0.11001000,2025-07-16T05:13:16.073423Z
BITFLYER,BTC_JPY,17580736,0.02000000,17593239,0.02000000,2025-07-16T05:13:16.162705Z
BITFLYER,FX_BTC_JPY,17576497,0.06420000,17579451,0.02000000,2025-07-16T05:13:16.172222Z
BITFLYER,FX_BTC_JPY,17572944,0.06420000,17579442,0.02000000,2025-07-16T05:13:16.270761Z
BITFLYER,BTC_JPY,17580736,0.02000000,17593239,0.02000000,2025-07-16T05:13:16.277260Z
BITFLYER,FX_BTC_JPY,17572944,0.06420000,17579442,0.02000000,2025-07-16T05:13:16.377832Z
GMO,BTC_JPY,17568754,0.00300000,17573185,0.07000000,2025-07-16T05:13:16.412765Z
BITFLYER,BTC_JPY,17580736,0.02000000,17593238,0.04970199,2025-07-16T05:13:16.412851Z
BITFLYER,FX_BTC_JPY,17576165,0.05105953,17579062,0.03083793,2025-07-16T05:13:16.496588Z
BITFLYER,BTC_JPY,17580736,0.02000000,17593238,0.06970199,2025-07-16T05:13:16.549889Z
GMO,BTC,17589999,0.05000000,17591200,0.02100000,2025-07-16T05:13:16.580598Z
BITFLYER,FX_BTC_JPY,17576165,0.05105953,17579062,0.03083793,2025-07-16T05:13:16.631528Z
BITFLYER,BTC_JPY,17580736,0.02000000,17593238,0.04970199,2025-07-16T05:13:16.697821Z
BITFLYER,FX_BTC_JPY,17576165,0.05105953,17579062,0.03083793,2025-07-16T05:13:16.751590Z
BITFLYER,BTC_JPY,17580737,0.25000000,17593235,0.02000000,2025-07-16T05:13:16.847637Z
BITFLYER,FX_BTC_JPY,17576165,0.05105953,17579062,0.03083793,2025-07-16T05:13:16.852495Z
GMO,BTC_JPY,17568755,0.02000000,17573176,0.07000000,2025-07-16T05:13:16.917104Z
BITFLYER,BTC_JPY,17583092,0.00122433,17593235,0.02000000,2025-07-16T05:13:16.998678Z
BITFLYER,FX_BTC_JPY,17576165,0.05105953,17579062,0.03083793,2025-07-16T05:13:17.005655Z
GMO,BTC,17591199,0.00500000,17591205,0.02100000,2025-07-16T05:13:17.088083Z
BITFLYER,BTC_JPY,17583092,0.00122433,17593233,0.01124640,2025-07-16T05:13:17.133336Z
BITFLYER,FX_BTC_JPY,17576165,0.05105953,17578776,0.00600000,2025-07-16T05:13:17.151063Z
BITFLYER,FX_BTC_JPY,17576151,0.05099957,17578776,0.00600000,2025-07-16T05:13:17.255953Z
BITFLYER,BTC_JPY,17583092,0.00122433,17593232,0.02000000,2025-07-16T05:13:17.256158Z
BITFLYER,BTC_JPY,17583092,0.00122433,17592600,0.28830000,2025-07-16T05:13:17.360111Z
BITFLYER,FX_BTC_JPY,17575505,0.00100000,17578775,0.00100000,2025-07-16T05:13:17.373661Z
GMO,BTC_JPY,17568756,0.00300000,17573030,0.07000000,2025-07-16T05:13:17.419704Z
BITFLYER,FX_BTC_JPY,17575505,0.00100000,17578775,0.00100000,2025-07-16T05:13:17.485631Z
BITFLYER,BTC_JPY,17583092,0.00122433,17592600,0.57660000,2025-07-16T05:13:17.511865Z
GMO,BTC,17591199,0.00500000,17591200,0.11000000,2025-07-16T05:13:17.601311Z
BITFLYER,FX_BTC_JPY,17575505,0.00100000,17578775,0.00100000,2025-07-16T05:13:17.635992Z
BITFLYER,BTC_JPY,17583092,0.00122433,17592600,0.57660000,2025-07-16T05:13:17.651644Z
BITFLYER,FX_BTC_JPY,17575505,0.00100000,17578774,0.00100000,2025-07-16T05:13:17.750571Z
BITFLYER,BTC_JPY,17583092,0.00122433,17592597,0.02000000,2025-07-16T05:13:17.813386Z
BITFLYER,FX_BTC_JPY,17575505,0.00100000,17578774,0.00100000,2025-07-16T05:13:17.855570Z
GMO,BTC_JPY,17568756,0.00300000,17572553,0.07000000,2025-07-16T05:13:17.932960Z
BITFLYER,BTC_JPY,17583092,0.00122433,17592597,0.02000000,2025-07-16T05:13:17.953004Z
BITFLYER,FX_BTC_JPY,17575505,0.00100000,17578774,0.00100000,2025-07-16T05:13:17.976592Z
BITFLYER,BTC_JPY,17583093,0.28000000,17592596,0.04802268,2025-07-16T05:13:18.069678Z
GMO,BTC,17591199,0.00500000,17591200,0.11000000,2025-07-16T05:13:18.109892Z
BITFLYER,FX_BTC_JPY,17575505,0.00100000,17578774,0.00100000,2025-07-16T05:13:18.125332Z
BITFLYER,BTC_JPY,17583093,0.28000000,17592596,0.04802268,2025-07-16T05:13:18.212136Z
BITFLYER,FX_BTC_JPY,17575505,0.00100000,17578774,0.00100000,2025-07-16T05:13:18.298485Z
BITFLYER,BTC_JPY,17583093,0.28000000,17592594,0.02000000,2025-07-16T05:13:18.332601Z
BITFLYER,FX_BTC_JPY,17575505,0.00100000,17578765,0.02000000,2025-07-16T05:13:18.421282Z
GMO,BTC_JPY,17568756,0.00300000,17573020,0.01000000,2025-07-16T05:13:18.427785Z
BITFLYER,BTC_JPY,17583093,0.28000000,17592594,0.01062160,2025-07-16T05:13:18.444752Z
BITFLYER,FX_BTC_JPY,17575505,0.00100000,17578765,0.02000000,2025-07-16T05:13:18.523259Z
BITFLYER,BTC_JPY,17583093,0.28000000,17592593,0.02000000,2025-07-16T05:13:18.558863Z
GMO,BTC,17591199,0.00500000,17591200,0.11000000,2025-07-16T05:13:18.616545Z
BITFLYER,FX_BTC_JPY,17575505,0.00100000,17578765,0.02000000,2025-07-16T05:13:18.624226Z
BITFLYER,FX_BTC_JPY,17575505,0.00100000,17576447,0.00600000,2025-07-16T05:13:18.658494Z
BITFLYER,BTC_JPY,17583093,0.28000000,17592593,0.06737872,2025-07-16T05:13:18.707429Z
BITFLYER,FX_BTC_JPY,17575899,0.06420000,17578765,0.02000000,2025-07-16T05:13:18.763032Z
BITFLYER,BTC_JPY,17583093,0.28000000,17592590,0.02000000,2025-07-16T05:13:18.820767Z
BITFLYER,FX_BTC_JPY,17575899,0.04420000,17578765,0.02000000,2025-07-16T05:13:18.880439Z
GMO,BTC_JPY,17568756,0.00300000,17572926,0.07000000,2025-07-16T05:13:18.929828Z
BITFLYER,BTC_JPY,17583093,0.28000000,17592590,0.02000000,2025-07-16T05:13:18.935700Z
BITFLYER,FX_BTC_JPY,17575505,0.00100000,17576468,0.00600000,2025-07-16T05:13:18.987493Z
BITFLYER,BTC_JPY,17583093,0.28000000,17592590,0.02000000,2025-07-16T05:13:19.071124Z
GMO,BTC,17591199,0.00500000,17591200,0.11000000,2025-07-16T05:13:19.118404Z
BITFLYER,FX_BTC_JPY,17575505,0.00100000,17577494,0.03142689,2025-07-16T05:13:19.133420Z
BITFLYER,BTC_JPY,17583094,0.02000000,17592590,0.02000000,2025-07-16T05:13:19.213373Z
BITFLYER,FX_BTC_JPY,17575505,0.00100000,17577494,0.03142689,2025-07-16T05:13:19.226472Z
BITFLYER,BTC_JPY,17583094,0.02000000,17592589,0.04761313,2025-07-16T05:13:19.326169Z
BITFLYER,FX_BTC_JPY,17575841,0.04420000,17577494,0.03142689,2025-07-16T05:13:19.331179Z
GMO,BTC_JPY,17568756,0.00300000,17572897,0.07000000,2025-07-16T05:13:19.434108Z
BITFLYER,BTC_JPY,17583094,0.02000000,17592587,0.02000000,2025-07-16T05:13:19.434127Z
BITFLYER,FX_BTC_JPY,17575841,0.04420000,17577494,0.03142689,2025-07-16T05:13:19.471308Z
BITFLYER,BTC_JPY,17583094,0.02000000,17592587,0.02000000,2025-07-16T05:13:19.541776Z
BITFLYER,FX_BTC_JPY,17575841,0.04420000,17577147,0.00600000,2025-07-16T05:13:19.574936Z
GMO,BTC,17591199,0.00500000,17591200,0.13000000,2025-07-16T05:13:19.622618Z
BITFLYER,BTC_JPY,17583094,0.02000000,17592586,0.04670420,2025-07-16T05:13:19.652925Z
BITFLYER,FX_BTC_JPY,17575841,0.04420000,17577147,0.00600000,2025-07-16T05:13:19.702970Z
BITFLYER,BTC_JPY,17583093,0.25897600,17592586,0.04670420,2025-07-16T05:13:19.749464Z
BITFLYER,FX_BTC_JPY,17575841,0.04420000,17577147,0.00600000,2025-07-16T05:13:19.820538Z
BITFLYER,BTC_JPY,17583093,0.25897600,17592584,0.03092960,2025-07-16T05:13:19.854643Z
BITFLYER,FX_BTC_JPY,17575841,0.04420000,17577147,0.00600000,2025-07-16T05:13:19.933281Z
GMO,BTC_JPY,17568756,0.00300000,17573004,0.07000000,2025-07-16T05:13:19.939741Z
BITFLYER,BTC_JPY,17583093,0.25897600,17592584,0.01092960,2025-07-16T05:13:19.956566Z
BITFLYER,FX_BTC_JPY,17575841,0.04420000,17577147,0.00600000,2025-07-16T05:13:20.029950Z
BITFLYER,BTC_JPY,17583094,0.02000000,17592583,0.06721617,2025-07-16T05:13:20.087888Z
BITFLYER,FX_BTC_JPY,17575841,0.04420000,17577147,0.00600000,2025-07-16T05:13:20.160698Z
GMO,BTC_JPY,17568756,0.00300000,17572780,0.07000000,2025-07-16T05:13:20.177772Z
GMO,BTC,17591199,0.00500000,17591200,0.13000000,2025-07-16T05:13:20.194519Z
BITFLYER,BTC_JPY,17583094,0.02000000,17592583,0.06721617,2025-07-16T05:13:20.200263Z
BITFLYER,FX_BTC_JPY,17575505,0.00100000,17577147,0.00600000,2025-07-16T05:13:20.270846Z
BITFLYER,BTC_JPY,17583094,0.02000000,17592583,0.04721617,2025-07-16T05:13:20.333094Z
BITFLYER,FX_BTC_JPY,17575505,0.00100000,17577147,0.00600000,2025-07-16T05:13:20.384617Z
BITFLYER,FX_BTC_JPY,17575505,0.00100000,17577147,0.00600000,2025-07-16T05:13:20.493149Z
BITFLYER,BTC_JPY,17583095,0.24000000,17592583,0.04721617,2025-07-16T05:13:20.507546Z
BITFLYER,BTC_JPY,17583095,0.24000000,17592583,0.04721617,2025-07-16T05:13:20.561390Z
BITFLYER,FX_BTC_JPY,17575505,0.00100000,17577147,0.00600000,2025-07-16T05:13:20.623490Z
GMO,BTC,17591199,0.00500000,17591200,0.13000000,2025-07-16T05:13:20.679997Z
BITFLYER,BTC_JPY,17583095,0.24000000,17592581,0.01103520,2025-07-16T05:13:20.680016Z
BITFLYER,FX_BTC_JPY,17575505,0.00100000,17577147,0.00600000,2025-07-16T05:13:20.735006Z
BITFLYER,BTC_JPY,17583095,0.24000000,17592581,0.01103520,2025-07-16T05:13:20.795580Z
BITFLYER,FX_BTC_JPY,17575505,0.00100000,17577494,0.03142689,2025-07-16T05:13:20.858782Z
BITFLYER,BTC_JPY,17583095,0.24000000,17592580,0.06668080,2025-07-16T05:13:20.922914Z
GMO,BTC_JPY,17568756,0.00300000,17572668,0.07000000,2025-07-16T05:13:20.946193Z
BITFLYER,FX_BTC_JPY,17575505,0.00100000,17577494,0.03142689,2025-07-16T05:13:20.978932Z
BITFLYER,BTC_JPY,17583096,0.02000000,17592580,0.08668080,2025-07-16T05:13:21.025853Z
BITFLYER,FX_BTC_JPY,17575505,0.00100000,17577494,0.03142689,2025-07-16T05:13:21.085257Z
BITFLYER,BTC_JPY,17583129,0.00966730,17592580,0.06668080,2025-07-16T05:13:21.135474Z
GMO,BTC,17589999,0.05000000,17591200,0.13000000,2025-07-16T05:13:21.140391Z
BITFLYER,FX_BTC_JPY,17575505,0.00100000,17577494,0.03142689,2025-07-16T05:13:21.189869Z
BITFLYER,BTC_JPY,17583129,0.00966730,17592578,0.03116720,2025-07-16T05:13:21.241009Z
BITFLYER,FX_BTC_JPY,17575505,0.00100000,17577485,0.02000000,2025-07-16T05:13:21.295583Z
BITFLYER,BTC_JPY,17583129,0.00966730,17592577,0.02000000,2025-07-16T05:13:21.374856Z
GMO,BTC_JPY,17568756,0.00300000,17573067,0.07000000,2025-07-16T05:13:21.453103Z
BITFLYER,FX_BTC_JPY,17575505,0.00100000,17577485,0.02000000,2025-07-16T05:13:21.453159Z
BITFLYER,BTC_JPY,17583096,0.02000000,17592576,0.01121120,2025-07-16T05:13:21.491929Z
BITFLYER,FX_BTC_JPY,17575505,0.00100000,17577485,0.02000000,2025-07-16T05:13:21.573409Z
BITFLYER,BTC_JPY,17583096,0.02000000,17592576,0.01121120,2025-07-16T05:13:21.599319Z
GMO,BTC,17589999,0.05000000,17591200,0.13000000,2025-07-16T05:13:21.640489Z
BITFLYER,BTC_JPY,17583096,0.02000000,17592574,0.02000000,2025-07-16T05:13:21.747342Z
BITFLYER,FX_BTC_JPY,17575505,0.00100000,17577485,0.02000000,2025-07-16T05:13:21.747618Z
BITFLYER,BTC_JPY,17583096,0.02000000,17592576,0.01121120,2025-07-16T05:13:21.841178Z
BITFLYER,FX_BTC_JPY,17575505,0.00100000,17577485,0.02000000,2025-07-16T05:13:21.872098Z
GMO,BTC_JPY,17568754,0.00300000,17572696,0.07000000,2025-07-16T05:13:21.951098Z
BITFLYER,BTC_JPY,17583096,0.02000000,17592573,0.06709276,2025-07-16T05:13:21.951209Z
BITFLYER,FX_BTC_JPY,17575505,0.00100000,17577485,0.02000000,2025-07-16T05:13:22.020754Z
BITFLYER,BTC_JPY,17583096,0.02000000,17592573,0.04000000,2025-07-16T05:13:22.049796Z
BITFLYER,FX_BTC_JPY,17575505,0.00100000,17577485,0.02000000,2025-07-16T05:13:22.126991Z
GMO,BTC,17589999,0.05000000,17591200,0.13000000,2025-07-16T05:13:22.143145Z
BITFLYER,FX_BTC_JPY,17575505,0.00100000,17577485,0.02000000,2025-07-16T05:13:22.279012Z
BITFLYER,BTC_JPY,17583096,0.02000000,17592571,0.01137840,2025-07-16T05:13:22.319143Z
BITFLYER,FX_BTC_JPY,17575505,0.00100000,17577485,0.02000000,2025-07-16T05:13:22.361353Z
BITFLYER,BTC_JPY,17583096,0.02000000,17592570,0.02000000,2025-07-16T05:13:22.412437Z
GMO,BTC_JPY,17568754,0.00300000,17573009,0.07000000,2025-07-16T05:13:22.460578Z
BITFLYER,FX_BTC_JPY,17575505,0.00100000,17577485,0.02000000,2025-07-16T05:13:22.470246Z
BITFLYER,BTC_JPY,17583111,0.00966740,17592570,0.06744934,2025-07-16T05:13:22.526968Z
BITFLYER,FX_BTC_JPY,17575505,0.00100000,17577485,0.02000000,2025-07-16T05:13:22.571718Z
BITFLYER,BTC_JPY,17583111,0.00966740,17592570,0.07888054,2025-07-16T05:13:22.665168Z
GMO,BTC,17589999,0.05000000,17591199,0.06100000,2025-07-16T05:13:22.667435Z
BITFLYER,FX_BTC_JPY,17575505,0.00100000,17577485,0.02000000,2025-07-16T05:13:22.675988Z
BITFLYER,BTC_JPY,17583111,0.00966740,17592570,0.05888054,2025-07-16T05:13:22.775804Z
BITFLYER,FX_BTC_JPY,17575505,0.00100000,17577485,0.02000000,2025-07-16T05:13:22.779696Z
BITFLYER,FX_BTC_JPY,17575505,0.00100000,17577485,0.02000000,2025-07-16T05:13:22.894416Z
BITFLYER,BTC_JPY,17583111,0.00966740,17592567,0.02000000,2025-07-16T05:13:22.900078Z
GMO,BTC_JPY,17568754,0.00300000,17573169,0.07000000,2025-07-16T05:13:22.972587Z
BITFLYER,BTC_JPY,17583111,0.00966740,17592567,0.02000000,2025-07-16T05:13:23.032899Z
BITFLYER,FX_BTC_JPY,17577786,0.01041194,17579361,0.03000000,2025-07-16T05:13:23.033136Z
GMO,BTC,17589999,0.05000000,17591199,0.06100000,2025-07-16T05:13:23.151779Z
BITFLYER,FX_BTC_JPY,17575506,0.05685117,17579361,0.03000000,2025-07-16T05:13:23.155428Z
BITFLYER,BTC_JPY,17583111,0.00966740,17592566,0.03095998,2025-07-16T05:13:23.167405Z
BITFLYER,FX_BTC_JPY,17575905,0.01000000,17580671,0.00500000,2025-07-16T05:13:23.271420Z
BITFLYER,BTC_JPY,17583400,0.27090000,17592566,0.03095998,2025-07-16T05:13:23.333791Z
BITFLYER,FX_BTC_JPY,17575905,0.01000000,17580671,0.00500000,2025-07-16T05:13:23.375348Z
GMO,BTC_JPY,17568765,0.01500000,17575324,0.07000000,2025-07-16T05:13:23.468421Z
BITFLYER,FX_BTC_JPY,17575905,0.01000000,17580671,0.00500000,2025-07-16T05:13:23.486128Z
BITFLYER,BTC_JPY,17583400,0.27090000,17592564,0.01072720,2025-07-16T05:13:23.516595Z
BITFLYER,FX_BTC_JPY,17575906,0.05684827,17580670,0.00100000,2025-07-16T05:13:23.629782Z
BITFLYER,FX_BTC_JPY,17575906,0.05684827,17580670,0.00100000,2025-07-16T05:13:23.629965Z
BITFLYER,BTC_JPY,17583400,0.27090000,17592564,0.01072720,2025-07-16T05:13:23.646050Z
GMO,BTC,17589999,0.05000000,17591106,0.11000000,2025-07-16T05:13:23.656302Z
BITFLYER,FX_BTC_JPY,17575906,0.05684827,17580670,0.00100000,2025-07-16T05:13:23.726798Z
BITFLYER,BTC_JPY,17583400,0.27090000,17592563,0.05066491,2025-07-16T05:13:23.776139Z
BITFLYER,FX_BTC_JPY,17577916,0.03000000,17580671,0.00500000,2025-07-16T05:13:23.858925Z
BITFLYER,BTC_JPY,17583400,0.27090000,17592563,0.03066491,2025-07-16T05:13:23.918349Z
GMO,BTC_JPY,17569265,0.01300000,17575314,0.01000000,2025-07-16T05:13:23.974623Z
BITFLYER,BTC_JPY,17583434,0.00966720,17592561,0.02000000,2025-07-16T05:13:24.107637Z
BITFLYER,FX_BTC_JPY,17577917,0.01041194,17580671,0.00400000,2025-07-16T05:13:24.108035Z
GMO,BTC,17589999,0.05000000,17591106,0.11000000,2025-07-16T05:13:24.160374Z
BITFLYER,FX_BTC_JPY,17578172,0.05075246,17580671,0.00400000,2025-07-16T05:13:24.187221Z
BITFLYER,BTC_JPY,17583434,0.00966720,17592563,0.03066491,2025-07-16T05:13:24.198036Z
BITFLYER,FX_BTC_JPY,17578172,0.05075246,17581345,0.00228883,2025-07-16T05:13:24.319997Z
BITFLYER,BTC_JPY,17583434,0.00966720,17592560,0.02000000,2025-07-16T05:13:24.369385Z
BITFLYER,FX_BTC_JPY,17579905,0.05099957,17581345,0.00228883,2025-07-16T05:13:24.435148Z
GMO,BTC_JPY,17570056,0.02000000,17576434,0.07000000,2025-07-16T05:13:24.477549Z
BITFLYER,BTC_JPY,17583434,0.00966720,17592560,0.02000000,2025-07-16T05:13:24.495142Z
BITFLYER,FX_BTC_JPY,17579905,0.05099957,17581345,0.00228883,2025-07-16T05:13:24.541657Z
BITFLYER,BTC_JPY,17583434,0.00966720,17592560,0.02000000,2025-07-16T05:13:24.621868Z
GMO,BTC,17589999,0.05000000,17591105,0.06806000,2025-07-16T05:13:24.665535Z
BITFLYER,FX_BTC_JPY,17579905,0.05099957,17581345,0.00228883,2025-07-16T05:13:24.694776Z
BITFLYER,BTC_JPY,17583434,0.00966720,17592564,0.01072720,2025-07-16T05:13:24.753360Z
BITFLYER,FX_BTC_JPY,17579905,0.05099957,17581345,0.00228883,2025-07-16T05:13:24.856831Z
BITFLYER,BTC_JPY,17583434,0.00966720,17592557,0.02000000,2025-07-16T05:13:24.874900Z
BITFLYER,FX_BTC_JPY,17579905,0.05099957,17582736,0.20084678,2025-07-16T05:13:24.973788Z
GMO,BTC_JPY,17570556,0.01300000,17577283,0.01000000,2025-07-16T05:13:24.982376Z
BITFLYER,BTC_JPY,17583435,0.02000000,17592557,0.02000000,2025-07-16T05:13:25.004471Z
BITFLYER,FX_BTC_JPY,17579905,0.05099957,17582736,0.20084678,2025-07-16T05:13:25.069758Z
BITFLYER,BTC_JPY,17583435,0.23000000,17592600,0.57660000,2025-07-16T05:13:25.110945Z
GMO,BTC,17590000,0.10000000,17592491,0.00083000,2025-07-16T05:13:25.170305Z
BITFLYER,FX_BTC_JPY,17579905,0.05099957,17582651,0.00600000,2025-07-16T05:13:25.170317Z
BITFLYER,BTC_JPY,17583435,0.23000000,17592554,0.02000000,2025-07-16T05:13:25.230589Z
GMO,BTC_JPY,17570558,0.01800000,17577190,0.07000000,2025-07-16T05:13:25.250464Z
GMO,BTC,17590000,0.10000000,17592491,0.00083000,2025-07-16T05:13:25.267048Z
BITFLYER,FX_BTC_JPY,17579905,0.05099957,17582651,0.00600000,2025-07-16T05:13:25.276619Z
BITFLYER,BTC_JPY,17583435,0.22000000,17592554,0.02000000,2025-07-16T05:13:25.336508Z
BITFLYER,FX_BTC_JPY,17579905,0.05099957,17582651,0.00600000,2025-07-16T05:13:25.397942Z
BITFLYER,BTC_JPY,17583435,0.22000000,17592554,0.02000000,2025-07-16T05:13:25.452501Z
BITFLYER,BTC_JPY,17583435,0.22000000,17592551,0.02000000,2025-07-16T05:13:25.576496Z
BITFLYER,FX_BTC_JPY,17579905,0.05099957,17582651,0.00600000,2025-07-16T05:13:25.576684Z
BITFLYER,BTC_JPY,17583435,0.22000000,17592551,0.02000000,2025-07-16T05:13:25.591555Z
BITFLYER,FX_BTC_JPY,17579905,0.05099957,17582651,0.00600000,2025-07-16T05:13:25.700114Z
GMO,BTC,17590000,0.10000000,17592491,0.00001000,2025-07-16T05:13:25.700536Z
BITFLYER,FX_BTC_JPY,17579905,0.05099957,17582651,0.00600000,2025-07-16T05:13:25.793840Z
BITFLYER,BTC_JPY,17583469,0.00966720,17592600,0.57660000,2025-07-16T05:13:25.860278Z
BITFLYER,FX_BTC_JPY,17579905,0.05099957,17582651,0.00600000,2025-07-16T05:13:25.907754Z
BITFLYER,BTC_JPY,17583469,0.00966720,17592600,0.57660000,2025-07-16T05:13:25.980648Z
GMO,BTC_JPY,17570569,0.00500000,17577183,0.01000000,2025-07-16T05:13:25.987175Z
BITFLYER,FX_BTC_JPY,17579905,0.05099957,17582651,0.00600000,2025-07-16T05:13:25.999997Z
BITFLYER,BTC_JPY,17583470,0.03102004,17592548,0.02000000,2025-07-16T05:13:26.114602Z
BITFLYER,FX_BTC_JPY,17579905,0.05099957,17582651,0.00600000,2025-07-16T05:13:26.148392Z
GMO,BTC,17589999,0.05000000,17592491,0.00001000,2025-07-16T05:13:26.181781Z
BITFLYER,FX_BTC_JPY,17579905,0.05099957,17582651,0.00600000,2025-07-16T05:13:26.258877Z
BITFLYER,BTC_JPY,17583470,0.03102004,17592600,0.57660000,2025-07-16T05:13:26.264939Z
BITFLYER,FX_BTC_JPY,17579905,0.05099957,17582651,0.00600000,2025-07-16T05:13:26.368307Z
BITFLYER,BTC_JPY,17583470,0.03102004,17592597,0.02000000,2025-07-16T05:13:26.422020Z
BITFLYER,FX_BTC_JPY,17579905,0.05099957,17582587,0.05235492,2025-07-16T05:13:26.472145Z
GMO,BTC_JPY,17571569,0.01300000,17577183,0.01000000,2025-07-16T05:13:26.491596Z
BITFLYER,BTC_JPY,17583470,0.26102004,17592600,0.57660000,2025-07-16T05:13:26.540819Z
BITFLYER,FX_BTC_JPY,17579905,0.05099957,17582587,0.05235492,2025-07-16T05:13:26.625376Z
BITFLYER,BTC_JPY,17583470,0.26102004,17592597,0.02000000,2025-07-16T05:13:26.677600Z
GMO,BTC,17590000,0.10000000,17592491,0.00001000,2025-07-16T05:13:26.680977Z
BITFLYER,FX_BTC_JPY,17579905,0.05099957,17582587,0.05235492,2025-07-16T05:13:26.751477Z
BITFLYER,BTC_JPY,17583470,0.26102004,17592597,0.02000000,2025-07-16T05:13:26.847037Z
BITFLYER,FX_BTC_JPY,17578440,0.00125000,17582587,0.05235492,2025-07-16T05:13:26.872755Z
BITFLYER,BTC_JPY,17583471,0.01000000,17592597,0.02000000,2025-07-16T05:13:26.957946Z
GMO,BTC_JPY,17571319,0.01300000,17577292,0.03100000,2025-07-16T05:13:26.997323Z
BITFLYER,FX_BTC_JPY,17580029,0.03000000,17582587,0.05235492,2025-07-16T05:13:27.021247Z
BITFLYER,BTC_JPY,17583504,0.00966710,17592597,0.02000000,2025-07-16T05:13:27.093965Z
BITFLYER,FX_BTC_JPY,17579250,0.05099957,17582586,0.00100000,2025-07-16T05:13:27.172823Z
GMO,BTC,17590000,0.10000000,17592491,0.00001000,2025-07-16T05:13:27.188185Z
BITFLYER,BTC_JPY,17583504,0.00966710,17592597,0.02000000,2025-07-16T05:13:27.211931Z
BITFLYER,FX_BTC_JPY,17579250,0.05099957,17582586,0.00100000,2025-07-16T05:13:27.283938Z
BITFLYER,BTC_JPY,17583504,0.00966710,17592597,0.02000000,2025-07-16T05:13:27.306942Z
BITFLYER,FX_BTC_JPY,17580030,0.05684338,17582736,0.20084678,2025-07-16T05:13:27.455480Z
BITFLYER,BTC_JPY,17583505,0.03102004,17592597,0.02000000,2025-07-16T05:13:27.455846Z
GMO,BTC_JPY,17571819,0.01300000,17577287,0.01000000,2025-07-16T05:13:27.502573Z
BITFLYER,FX_BTC_JPY,17580030,0.05684338,17582736,0.20084678,2025-07-16T05:13:27.531697Z
BITFLYER,BTC_JPY,17583506,0.01067440,17592597,0.02000000,2025-07-16T05:13:27.531873Z
BITFLYER,FX_BTC_JPY,17579650,0.01000000,17582736,0.20084678,2025-07-16T05:13:27.632885Z
BITFLYER,BTC_JPY,17583506,0.01067440,17594665,0.01067440,2025-07-16T05:13:27.655791Z
GMO,BTC,17590000,0.10000000,17592491,0.00001000,2025-07-16T05:13:27.747404Z
BITFLYER,BTC_JPY,17583507,0.03102004,17592594,0.02000000,2025-07-16T05:13:27.773489Z
BITFLYER,FX_BTC_JPY,17579650,0.01000000,17582736,0.20084678,2025-07-16T05:13:27.775176Z
BITFLYER,BTC_JPY,17583507,0.04174724,17592594,0.02000000,2025-07-16T05:13:27.877853Z
BITFLYER,FX_BTC_JPY,17579651,0.05684357,17582736,0.20084678,2025-07-16T05:13:27.936420Z
BITFLYER,BTC_JPY,17583507,0.05174724,17594664,0.02842491,2025-07-16T05:13:27.990467Z
GMO,BTC_JPY,17571320,0.00300000,17577287,0.01000000,2025-07-16T05:13:28.011760Z
BITFLYER,FX_BTC_JPY,17579651,0.05684357,17582736,0.20084678,2025-07-16T05:13:28.051537Z
BITFLYER,BTC_JPY,17583507,0.05174724,17592591,0.02000000,2025-07-16T05:13:28.131516Z
BITFLYER,FX_BTC_JPY,17579651,0.08684357,17582736,0.20084678,2025-07-16T05:13:28.153846Z
GMO,BTC,17590000,0.10000000,17592491,0.00001000,2025-07-16T05:13:28.196219Z
