exchange,symbol,best_bid,best_bid_volume,best_ask,best_ask_volume,timestamp
BITFLYER,FX_BTC_JPY,17530693,0.02805480,17532463,0.03172974,2025-07-16T06:14:39.745297Z
BITFLYER,BTC_JPY,17546001,0.02987600,17555961,0.02000000,2025-07-16T06:14:39.747448Z
BITFLYER,BTC_JPY,17546001,0.02987600,17555961,0.02000000,2025-07-16T06:14:39.747627Z
BITFLYER,BTC_JPY,17546001,0.02987600,17555960,0.04491080,2025-07-16T06:14:39.747802Z
BITFLYER,BTC_JPY,17546017,0.00968780,17555958,0.02000000,2025-07-16T06:14:39.747989Z
BITFLYER,BTC_JPY,17546017,0.00968780,17555958,0.02000000,2025-07-16T06:14:39.748282Z
BITFLYER,BTC_JPY,17553007,0.05505455,17555955,0.02000000,2025-07-16T06:14:39.754554Z
BITFLYER,BTC_JPY,17553007,0.05505455,17555955,0.02000000,2025-07-16T06:14:39.755566Z
BITFLYER,BTC_JPY,17553007,0.05505455,17555955,0.02000000,2025-07-16T06:14:39.755880Z
BITFLYER,FX_BTC_JPY,17530693,0.02805480,17532463,0.03172974,2025-07-16T06:14:39.756480Z
BITFLYER,BTC_JPY,17553007,0.05505455,17555955,0.02000000,2025-07-16T06:14:39.756902Z
BITFLYER,FX_BTC_JPY,17530693,0.02805480,17529655,0.02000000,2025-07-16T06:14:39.758230Z
BITFLYER,BTC_JPY,17553007,0.05505455,17555954,0.05853630,2025-07-16T06:14:39.758834Z
BITFLYER,FX_BTC_JPY,17530693,0.02805480,17532345,0.01500000,2025-07-16T06:14:39.759287Z
BITFLYER,BTC_JPY,17553007,0.05505455,17555952,0.02000000,2025-07-16T06:14:39.760421Z
BITFLYER,FX_BTC_JPY,17530693,0.02805480,17532344,0.05510000,2025-07-16T06:14:39.760839Z
BITFLYER,BTC_JPY,17553007,0.05505455,17553442,0.35000000,2025-07-16T06:14:39.761086Z
BITFLYER,FX_BTC_JPY,17530693,0.02805480,17532184,0.03000000,2025-07-16T06:14:39.761488Z
BITFLYER,BTC_JPY,17553007,0.05505455,17553442,0.35000000,2025-07-16T06:14:39.761672Z
BITFLYER,FX_BTC_JPY,17530693,0.02805480,17532184,0.03000000,2025-07-16T06:14:39.762059Z
BITFLYER,BTC_JPY,17553007,0.05505455,17553442,0.35000000,2025-07-16T06:14:39.762305Z
BITFLYER,FX_BTC_JPY,17530693,0.02805480,17532259,0.01500000,2025-07-16T06:14:39.762546Z
BITFLYER,BTC_JPY,17553007,0.05505455,17553441,0.01337580,2025-07-16T06:14:39.762966Z
BITFLYER,FX_BTC_JPY,17530693,0.02805480,17532259,0.01500000,2025-07-16T06:14:39.763256Z
BITFLYER,BTC_JPY,17553007,0.05505455,17553441,0.01337580,2025-07-16T06:14:39.763437Z
BITFLYER,FX_BTC_JPY,17530693,0.02805480,17532259,0.01500000,2025-07-16T06:14:39.763711Z
BITFLYER,BTC_JPY,17553007,0.05505455,17553440,0.02731717,2025-07-16T06:14:39.763898Z
BITFLYER,FX_BTC_JPY,17530693,0.02805480,17532259,0.01500000,2025-07-16T06:14:39.766810Z
BITFLYER,BTC_JPY,17553007,0.05505455,17553440,0.02731717,2025-07-16T06:14:39.767487Z
BITFLYER,FX_BTC_JPY,17530693,0.02805480,17532066,0.03000000,2025-07-16T06:14:39.767746Z
BITFLYER,FX_BTC_JPY,17530693,0.02805480,17532066,0.03000000,2025-07-16T06:14:39.768185Z
BITFLYER,BTC_JPY,17553007,0.05505455,17553439,0.01337580,2025-07-16T06:14:39.768650Z
BITFLYER,FX_BTC_JPY,17530693,0.02805480,17532066,0.03000000,2025-07-16T06:14:39.769332Z
BITFLYER,BTC_JPY,17553007,0.05505455,17553439,0.01337580,2025-07-16T06:14:39.769513Z
BITFLYER,FX_BTC_JPY,17530693,0.02805480,17532056,0.00172974,2025-07-16T06:14:39.774830Z
BITFLYER,BTC_JPY,17553007,0.04645228,17553438,0.02697432,2025-07-16T06:14:39.775112Z
BITFLYER,FX_BTC_JPY,17530693,0.02805480,17532056,0.00172974,2025-07-16T06:14:39.775367Z
BITFLYER,FX_BTC_JPY,17530693,0.02805480,17532056,0.00172974,2025-07-16T06:14:39.795359Z
BITFLYER,BTC_JPY,17553007,0.04645228,17553437,0.01337580,2025-07-16T06:14:39.866989Z
BITFLYER,FX_BTC_JPY,17530693,0.02805480,17532056,0.00172974,2025-07-16T06:14:39.915419Z
BITFLYER,BTC_JPY,17553007,0.04645228,17553437,0.01337580,2025-07-16T06:14:40.004788Z
BITFLYER,FX_BTC_JPY,17530693,0.02805480,17532056,0.00172974,2025-07-16T06:14:40.046186Z
BITFLYER,BTC_JPY,17553007,0.04645228,17553436,0.02660125,2025-07-16T06:14:40.142034Z
BITFLYER,FX_BTC_JPY,17530693,0.02805480,17532056,0.00172974,2025-07-16T06:14:40.148282Z
BITFLYER,BTC_JPY,17553007,0.04645228,17553436,0.02660125,2025-07-16T06:14:40.337112Z
BITFLYER,FX_BTC_JPY,17530693,0.02805480,17532056,0.00172974,2025-07-16T06:14:40.338132Z
BITFLYER,BTC_JPY,17553007,0.04645228,17555392,0.03930216,2025-07-16T06:14:40.383981Z
BITFLYER,FX_BTC_JPY,17530693,0.02805480,17532056,0.00172974,2025-07-16T06:14:40.480610Z
BITFLYER,BTC_JPY,17553007,0.04645228,17553435,0.01337580,2025-07-16T06:14:40.507488Z
BITFLYER,BTC_JPY,17553007,0.04645228,17553435,0.01337580,2025-07-16T06:14:40.628202Z
BITFLYER,FX_BTC_JPY,17530693,0.02805480,17532056,0.03172974,2025-07-16T06:14:40.638477Z
BITFLYER,BTC_JPY,17553007,0.04645228,17555391,0.01337580,2025-07-16T06:14:40.755249Z
BITFLYER,FX_BTC_JPY,17530693,0.02805480,17532056,0.03000000,2025-07-16T06:14:40.781892Z
BITFLYER,BTC_JPY,17553007,0.04645228,17555391,0.01337580,2025-07-16T06:14:40.896522Z
BITFLYER,FX_BTC_JPY,17530693,0.02805480,17532051,0.00172974,2025-07-16T06:14:40.927470Z
BITFLYER,BTC_JPY,17553007,0.04645228,17555390,0.03860250,2025-07-16T06:14:41.012054Z
BITFLYER,FX_BTC_JPY,17530693,0.02805480,17532051,0.00172974,2025-07-16T06:14:41.080159Z
BITFLYER,BTC_JPY,17553007,0.04645228,17555390,0.03860250,2025-07-16T06:14:41.182154Z
BITFLYER,FX_BTC_JPY,17530693,0.02805480,17532051,0.00172974,2025-07-16T06:14:41.187127Z
BITFLYER,FX_BTC_JPY,17529700,0.05000000,17532051,0.00172974,2025-07-16T06:14:41.271673Z
BITFLYER,FX_BTC_JPY,17529700,0.05000000,17532051,0.00172974,2025-07-16T06:14:41.311374Z
BITFLYER,BTC_JPY,17553007,0.04645228,17555389,0.01337580,2025-07-16T06:14:41.314717Z
BITFLYER,FX_BTC_JPY,17529700,0.05000000,17532051,0.00172974,2025-07-16T06:14:41.427297Z
BITFLYER,BTC_JPY,17553007,0.04645228,17555389,0.01337580,2025-07-16T06:14:41.452905Z
BITFLYER,FX_BTC_JPY,17529700,0.05000000,17532051,0.00172974,2025-07-16T06:14:41.566283Z
BITFLYER,BTC_JPY,17553007,0.04645228,17555388,0.03463849,2025-07-16T06:14:41.582645Z
GMO,BTC,17560000,0.01191000,17560950,0.10000000,2025-07-16T06:14:41.712679Z
GMO,BTC,17555780,0.00500000,17560949,0.06806000,2025-07-16T06:14:41.719659Z
GMO,BTC,17560000,0.00001000,17560900,0.10000000,2025-07-16T06:14:41.731173Z
GMO,BTC,17560000,0.00001000,17560501,0.05000000,2025-07-16T06:14:41.731473Z
GMO,BTC,17560000,0.00001000,17560499,0.05000000,2025-07-16T06:14:41.731649Z
GMO,BTC,17560000,0.00001000,17560001,0.05000000,2025-07-16T06:14:41.733130Z
GMO,BTC,17555780,0.01000000,17560001,0.10000000,2025-07-16T06:14:41.734383Z
GMO,BTC,17555780,0.01000000,17560001,0.20000000,2025-07-16T06:14:41.734484Z
GMO,BTC,17555780,0.01000000,17560001,0.20000000,2025-07-16T06:14:41.734578Z
GMO,BTC,17555780,0.01000000,17559999,0.06806000,2025-07-16T06:14:41.734676Z
GMO,BTC_JPY,17526301,0.02000000,17530085,0.02000000,2025-07-16T06:14:41.734767Z
GMO,BTC,17554325,0.00056000,17559999,0.06806000,2025-07-16T06:14:41.734855Z
GMO,BTC_JPY,17525497,0.01200000,17529482,0.02000000,2025-07-16T06:14:41.734942Z
GMO,BTC_JPY,17525497,0.01200000,17529906,0.02000000,2025-07-16T06:14:41.735029Z
GMO,BTC,17554350,0.10000000,17559950,0.10000000,2025-07-16T06:14:41.735113Z
GMO,BTC_JPY,17525721,0.02000000,17529550,0.02000000,2025-07-16T06:14:41.735611Z
BITFLYER,FX_BTC_JPY,17529231,0.00100000,17532051,0.00172974,2025-07-16T06:14:41.760063Z
BITFLYER,BTC_JPY,17550000,0.02170000,17552863,0.30354772,2025-07-16T06:14:41.760188Z
BITFLYER,BTC_JPY,17550000,0.02170000,17552863,0.30354772,2025-07-16T06:14:41.822034Z
BITFLYER,FX_BTC_JPY,17529516,0.05000000,17532051,0.00172974,2025-07-16T06:14:41.840269Z
BITFLYER,BTC_JPY,17550000,0.02170000,17552862,0.01337580,2025-07-16T06:14:41.946801Z
BITFLYER,FX_BTC_JPY,17529516,0.05000000,17532051,0.00172974,2025-07-16T06:14:41.947262Z
GMO,BTC,17554350,0.10000000,17559949,0.06806000,2025-07-16T06:14:42.035823Z
BITFLYER,FX_BTC_JPY,17529516,0.05000000,17531596,0.03000000,2025-07-16T06:14:42.050936Z
BITFLYER,BTC_JPY,17550000,0.02170000,17552862,0.01337580,2025-07-16T06:14:42.096625Z
GMO,BTC_JPY,17525824,0.02000000,17529550,0.02000000,2025-07-16T06:14:42.119155Z
BITFLYER,FX_BTC_JPY,17529516,0.05000000,17531596,0.03000000,2025-07-16T06:14:42.187117Z
BITFLYER,BTC_JPY,17550000,0.02170000,17552860,0.02000000,2025-07-16T06:14:42.224755Z
BITFLYER,FX_BTC_JPY,17529516,0.05000000,17531596,0.03000000,2025-07-16T06:14:42.291260Z
BITFLYER,BTC_JPY,17550000,0.02170000,17552862,0.01337580,2025-07-16T06:14:42.384644Z
BITFLYER,FX_BTC_JPY,17529516,0.05000000,17530612,0.08000000,2025-07-16T06:14:42.398229Z
BITFLYER,FX_BTC_JPY,17529516,0.05000000,17530612,0.08000000,2025-07-16T06:14:42.502244Z
BITFLYER,BTC_JPY,17550000,0.02170000,17552859,0.03337580,2025-07-16T06:14:42.514836Z
GMO,BTC,17554350,0.10000000,17559949,0.09636000,2025-07-16T06:14:42.567153Z
BITFLYER,BTC_JPY,17550000,0.02170000,17552863,0.15000000,2025-07-16T06:14:42.583640Z
GMO,BTC_JPY,17525839,0.02000000,17529550,0.02000000,2025-07-16T06:14:42.627208Z
BITFLYER,BTC_JPY,17550000,0.02170000,17552863,0.15000000,2025-07-16T06:14:42.635966Z
BITFLYER,FX_BTC_JPY,17529516,0.05000000,17530612,0.08000000,2025-07-16T06:14:42.653683Z
BITFLYER,FX_BTC_JPY,17529516,0.05000000,17530612,0.08000000,2025-07-16T06:14:42.959988Z
BITFLYER,BTC_JPY,17550000,0.02170000,17552858,0.01337580,2025-07-16T06:14:42.960922Z
BITFLYER,FX_BTC_JPY,17529516,0.05000000,17530612,0.08000000,2025-07-16T06:14:42.961503Z
BITFLYER,BTC_JPY,17550000,0.02170000,17552858,0.01337580,2025-07-16T06:14:42.962114Z
GMO,BTC,17554350,0.10000000,17559900,0.10000000,2025-07-16T06:14:43.039768Z
BITFLYER,BTC_JPY,17550000,0.02170000,17552858,0.01337580,2025-07-16T06:14:43.041512Z
BITFLYER,FX_BTC_JPY,17529516,0.05000000,17530602,0.00172974,2025-07-16T06:14:43.074950Z
GMO,BTC_JPY,17524313,0.02000000,17529550,0.02000000,2025-07-16T06:14:43.135756Z
BITFLYER,FX_BTC_JPY,17529516,0.05000000,17530602,0.00172974,2025-07-16T06:14:43.171815Z
BITFLYER,BTC_JPY,17550000,0.02170000,17552858,0.01337580,2025-07-16T06:14:43.194372Z
BITFLYER,FX_BTC_JPY,17529516,0.05000000,17530602,0.00172974,2025-07-16T06:14:43.280474Z
BITFLYER,BTC_JPY,17550000,0.02170000,17552855,0.02000000,2025-07-16T06:14:43.319854Z
BITFLYER,FX_BTC_JPY,17529516,0.05000000,17530612,0.08000000,2025-07-16T06:14:43.392323Z
BITFLYER,BTC_JPY,17550000,0.02170000,17552855,0.02000000,2025-07-16T06:14:43.437751Z
BITFLYER,FX_BTC_JPY,17529516,0.05000000,17530612,0.08000000,2025-07-16T06:14:43.520742Z
GMO,BTC,17554350,0.10000000,17559899,0.09636000,2025-07-16T06:14:43.542954Z
BITFLYER,BTC_JPY,17550000,0.02170000,17552854,0.01337580,2025-07-16T06:14:43.551008Z
GMO,BTC_JPY,17525793,0.02000000,17530059,0.02000000,2025-07-16T06:14:43.633124Z
BITFLYER,FX_BTC_JPY,17529516,0.05000000,17530612,0.08000000,2025-07-16T06:14:43.666355Z
BITFLYER,BTC_JPY,17550000,0.02170000,17552854,0.01337580,2025-07-16T06:14:43.692021Z
BITFLYER,BTC_JPY,17550000,0.02170000,17550659,0.04600000,2025-07-16T06:14:43.807822Z
BITFLYER,FX_BTC_JPY,17529516,0.05000000,17530606,0.00172974,2025-07-16T06:14:43.845907Z
BITFLYER,BTC_JPY,17550000,0.02170000,17550659,0.04600000,2025-07-16T06:14:43.933114Z
BITFLYER,FX_BTC_JPY,17529516,0.05000000,17530606,0.00172974,2025-07-16T06:14:43.948598Z
GMO,BTC,17554350,0.03000000,17559898,0.02830000,2025-07-16T06:14:44.049901Z
BITFLYER,FX_BTC_JPY,17529516,0.05000000,17530606,0.00172974,2025-07-16T06:14:44.062719Z
BITFLYER,BTC_JPY,17550000,0.02170000,17550659,0.04600000,2025-07-16T06:14:44.109725Z
GMO,BTC_JPY,17524330,0.01000000,17529332,0.01000000,2025-07-16T06:14:44.152356Z
BITFLYER,FX_BTC_JPY,17529516,0.05000000,17530606,0.00172974,2025-07-16T06:14:44.191223Z
BITFLYER,BTC_JPY,17550000,0.02170000,17550659,0.04600000,2025-07-16T06:14:44.242651Z
BITFLYER,FX_BTC_JPY,17529231,0.00100000,17530606,0.00172974,2025-07-16T06:14:44.301729Z
BITFLYER,BTC_JPY,17550000,0.02170000,17551248,0.01337580,2025-07-16T06:14:44.405489Z
BITFLYER,FX_BTC_JPY,17529231,0.00100000,17530606,0.00172974,2025-07-16T06:14:44.408583Z
BITFLYER,FX_BTC_JPY,17529231,0.00100000,17530606,0.00172974,2025-07-16T06:14:44.524837Z
GMO,BTC,17554400,0.10000000,17559850,0.10000000,2025-07-16T06:14:44.551919Z
BITFLYER,BTC_JPY,17550000,0.02170000,17551248,0.01337580,2025-07-16T06:14:44.567143Z
GMO,BTC_JPY,17525603,0.02000000,17529332,0.01000000,2025-07-16T06:14:44.640241Z
BITFLYER,FX_BTC_JPY,17529231,0.00100000,17530606,0.00172974,2025-07-16T06:14:44.656109Z
GMO,BTC_JPY,17525603,0.02000000,17529332,0.01000000,2025-07-16T06:14:44.678110Z
GMO,BTC,17554400,0.10000000,17559850,0.10000000,2025-07-16T06:14:44.690598Z
BITFLYER,BTC_JPY,17550000,0.02170000,17553006,0.01337580,2025-07-16T06:14:44.713404Z
BITFLYER,FX_BTC_JPY,17529231,0.00100000,17530606,0.00172974,2025-07-16T06:14:44.759676Z
BITFLYER,BTC_JPY,17550000,0.02170000,17553006,0.01337580,2025-07-16T06:14:44.821478Z
BITFLYER,FX_BTC_JPY,17529231,0.00100000,17530606,0.00172974,2025-07-16T06:14:44.862392Z
BITFLYER,BTC_JPY,17550000,0.02170000,17553006,0.01337580,2025-07-16T06:14:44.946582Z
BITFLYER,FX_BTC_JPY,17529231,0.00100000,17530606,0.00172974,2025-07-16T06:14:44.981999Z
GMO,BTC,17554400,0.10000000,17559849,0.09636000,2025-07-16T06:14:45.056028Z
BITFLYER,BTC_JPY,17550000,0.02170000,17553003,0.02000000,2025-07-16T06:14:45.057457Z
BITFLYER,FX_BTC_JPY,17529231,0.00100000,17530606,0.00172974,2025-07-16T06:14:45.118462Z
GMO,BTC_JPY,17524312,0.03100000,17529082,0.02000000,2025-07-16T06:14:45.143510Z
BITFLYER,BTC_JPY,17546237,0.02978729,17548455,0.28230000,2025-07-16T06:14:45.185124Z
BITFLYER,FX_BTC_JPY,17529231,0.00100000,17530602,0.03600000,2025-07-16T06:14:45.222871Z
BITFLYER,BTC_JPY,17546237,0.02978729,17548455,0.28230000,2025-07-16T06:14:45.396486Z
BITFLYER,FX_BTC_JPY,17529231,0.00100000,17530602,0.03600000,2025-07-16T06:14:45.396968Z
BITFLYER,FX_BTC_JPY,17529231,0.00100000,17530602,0.03600000,2025-07-16T06:14:45.481658Z
BITFLYER,BTC_JPY,17546237,0.00978729,17548455,0.28230000,2025-07-16T06:14:45.482734Z
GMO,BTC,17554325,0.00056000,17559849,0.09636000,2025-07-16T06:14:45.560076Z
BITFLYER,FX_BTC_JPY,17529231,0.00100000,17530592,0.00172974,2025-07-16T06:14:45.598739Z
GMO,BTC_JPY,17525377,0.02000000,17529081,0.00300000,2025-07-16T06:14:45.648494Z
BITFLYER,BTC_JPY,17544300,0.53081849,17550328,0.01337580,2025-07-16T06:14:45.650952Z
BITFLYER,FX_BTC_JPY,17529231,0.00100000,17530592,0.00172974,2025-07-16T06:14:45.705142Z
BITFLYER,BTC_JPY,17544300,0.53081849,17550328,0.01337580,2025-07-16T06:14:45.785499Z
BITFLYER,FX_BTC_JPY,17529231,0.00100000,17530592,0.00172974,2025-07-16T06:14:45.865275Z
BITFLYER,BTC_JPY,17546238,0.19000000,17548452,0.02000000,2025-07-16T06:14:45.903358Z
BITFLYER,FX_BTC_JPY,17528733,0.00500000,17530592,0.00172974,2025-07-16T06:14:45.984843Z
BITFLYER,BTC_JPY,17546238,0.19000000,17553006,0.01337580,2025-07-16T06:14:46.042930Z
GMO,BTC,17554325,0.00056000,17559800,0.10000000,2025-07-16T06:14:46.078288Z
BITFLYER,FX_BTC_JPY,17528063,0.01000000,17530592,0.00172974,2025-07-16T06:14:46.095686Z
GMO,BTC_JPY,17524313,0.03000000,17529081,0.00300000,2025-07-16T06:14:46.149828Z
BITFLYER,BTC_JPY,17546238,0.19000000,17550325,0.02000000,2025-07-16T06:14:46.171866Z
BITFLYER,FX_BTC_JPY,17527842,0.00100000,17530192,0.03000000,2025-07-16T06:14:46.231344Z
BITFLYER,FX_BTC_JPY,17527842,0.00100000,17530192,0.03000000,2025-07-16T06:14:46.272211Z
BITFLYER,BTC_JPY,17546238,0.19000000,17550325,0.02000000,2025-07-16T06:14:46.332259Z
BITFLYER,FX_BTC_JPY,17527842,0.00100000,17530192,0.03000000,2025-07-16T06:14:46.339662Z
BITFLYER,FX_BTC_JPY,17528155,0.05128361,17530192,0.03000000,2025-07-16T06:14:46.452624Z
BITFLYER,BTC_JPY,17546238,0.19000000,17551174,0.01337580,2025-07-16T06:14:46.466366Z
BITFLYER,FX_BTC_JPY,17528155,0.05128361,17530186,0.00172974,2025-07-16T06:14:46.561615Z
GMO,BTC,17554325,0.00056000,17559799,0.06806000,2025-07-16T06:14:46.571443Z
BITFLYER,BTC_JPY,17546238,0.18000000,17551171,0.01337580,2025-07-16T06:14:46.572098Z
GMO,BTC_JPY,17525436,0.02000000,17528873,0.03000000,2025-07-16T06:14:46.680883Z
BITFLYER,FX_BTC_JPY,17528155,0.05128361,17530186,0.00172974,2025-07-16T06:14:46.680981Z
BITFLYER,BTC_JPY,17546238,0.18000000,17551171,0.01337580,2025-07-16T06:14:46.715543Z
BITFLYER,FX_BTC_JPY,17528155,0.05128361,17530186,0.00172974,2025-07-16T06:14:46.802380Z
BITFLYER,BTC_JPY,17546238,0.18000000,17550322,0.02000000,2025-07-16T06:14:46.862950Z
BITFLYER,FX_BTC_JPY,17528155,0.05128361,17530186,0.00172974,2025-07-16T06:14:46.941804Z
BITFLYER,BTC_JPY,17546238,0.18000000,17553002,0.01337580,2025-07-16T06:14:46.978080Z
BITFLYER,FX_BTC_JPY,17528620,0.05000000,17530186,0.00172974,2025-07-16T06:14:47.012502Z
GMO,BTC,17554325,0.00056000,17559750,0.10000000,2025-07-16T06:14:47.113341Z
BITFLYER,BTC_JPY,17546238,0.18000000,17550321,0.01337580,2025-07-16T06:14:47.113464Z
BITFLYER,FX_BTC_JPY,17528620,0.05000000,17530186,0.00172974,2025-07-16T06:14:47.116942Z
GMO,BTC_JPY,17523136,0.02000000,17529081,0.00300000,2025-07-16T06:14:47.258872Z
BITFLYER,BTC_JPY,17546238,0.18000000,17550321,0.01337580,2025-07-16T06:14:47.285129Z
BITFLYER,FX_BTC_JPY,17528620,0.05000000,17530186,0.00072974,2025-07-16T06:14:47.286107Z
BITFLYER,BTC_JPY,17543743,0.00968900,17553437,0.01058640,2025-07-16T06:14:47.387155Z
BITFLYER,FX_BTC_JPY,17528620,0.05000000,17530186,0.00072974,2025-07-16T06:14:47.387532Z
BITFLYER,BTC_JPY,17543743,0.00968900,17551167,0.01337580,2025-07-16T06:14:47.527357Z
BITFLYER,FX_BTC_JPY,17528620,0.05000000,17530612,0.08000000,2025-07-16T06:14:47.531544Z
BITFLYER,BTC_JPY,17543743,0.00968900,17553436,0.03628118,2025-07-16T06:14:47.599591Z
GMO,BTC_JPY,17526271,0.02000000,17529081,0.00300000,2025-07-16T06:14:47.663459Z
BITFLYER,FX_BTC_JPY,17528620,0.05000000,17530604,0.00172974,2025-07-16T06:14:47.663676Z
BITFLYER,BTC_JPY,17543743,0.00968900,17550318,0.02000000,2025-07-16T06:14:47.665922Z
BITFLYER,BTC_JPY,17543743,0.00968900,17550318,0.02000000,2025-07-16T06:14:47.831911Z
BITFLYER,FX_BTC_JPY,17528620,0.05000000,17530604,0.00172974,2025-07-16T06:14:47.833449Z
BITFLYER,FX_BTC_JPY,17528620,0.05000000,17530604,0.00172974,2025-07-16T06:14:47.957662Z
BITFLYER,BTC_JPY,17544400,0.28830000,17550317,0.01337580,2025-07-16T06:14:48.019801Z
BITFLYER,BTC_JPY,17544400,0.28830000,17550317,0.01337580,2025-07-16T06:14:48.079539Z
GMO,BTC,17554325,0.00056000,17559749,0.09636000,2025-07-16T06:14:48.086538Z
BITFLYER,FX_BTC_JPY,17528620,0.05000000,17530604,0.00172974,2025-07-16T06:14:48.121078Z
GMO,BTC_JPY,17523136,0.02000000,17529081,0.00300000,2025-07-16T06:14:48.166136Z
BITFLYER,FX_BTC_JPY,17528620,0.05000000,17530604,0.00172974,2025-07-16T06:14:48.277495Z
BITFLYER,BTC_JPY,17544400,0.28830000,17550315,0.02000000,2025-07-16T06:14:48.277790Z
BITFLYER,BTC_JPY,17544700,0.28830000,17553433,0.04930542,2025-07-16T06:14:48.361685Z
BITFLYER,FX_BTC_JPY,17528620,0.05000000,17530455,0.03000000,2025-07-16T06:14:48.367098Z
BITFLYER,FX_BTC_JPY,17528620,0.05000000,17530455,0.03000000,2025-07-16T06:14:48.474817Z
BITFLYER,BTC_JPY,17544700,0.28830000,17550314,0.02000000,2025-07-16T06:14:48.494159Z
BITFLYER,FX_BTC_JPY,17528620,0.05000000,17530455,0.03000000,2025-07-16T06:14:48.578412Z
BITFLYER,BTC_JPY,17544700,0.28830000,17550316,0.01337580,2025-07-16T06:14:48.644986Z
GMO,BTC_JPY,17524946,0.02000000,17528907,0.01000000,2025-07-16T06:14:48.668879Z
BITFLYER,FX_BTC_JPY,17528620,0.05000000,17530446,0.00172974,2025-07-16T06:14:48.702118Z
BITFLYER,BTC_JPY,17544700,0.28830000,17553430,0.02000000,2025-07-16T06:14:48.763365Z
BITFLYER,FX_BTC_JPY,17528620,0.05000000,17530446,0.00172974,2025-07-16T06:14:48.845665Z
BITFLYER,BTC_JPY,17544700,0.28830000,17553433,0.03592962,2025-07-16T06:14:48.890207Z
BITFLYER,FX_BTC_JPY,17528620,0.05000000,17530446,0.00172974,2025-07-16T06:14:48.949643Z
BITFLYER,BTC_JPY,17544900,0.28830000,17550313,0.02000000,2025-07-16T06:14:49.022634Z
BITFLYER,FX_BTC_JPY,17528620,0.05000000,17530446,0.00172974,2025-07-16T06:14:49.056608Z
GMO,BTC,17554325,0.00056000,17559700,0.10000000,2025-07-16T06:14:49.125870Z
BITFLYER,BTC_JPY,17544900,0.28830000,17550313,0.02000000,2025-07-16T06:14:49.152431Z
BITFLYER,FX_BTC_JPY,17528620,0.05000000,17530446,0.00172974,2025-07-16T06:14:49.162723Z
GMO,BTC_JPY,17523136,0.02000000,17528907,0.01000000,2025-07-16T06:14:49.188102Z
BITFLYER,BTC_JPY,17544900,0.28830000,17550992,0.01337580,2025-07-16T06:14:49.272061Z
BITFLYER,FX_BTC_JPY,17528620,0.05000000,17530446,0.00172974,2025-07-16T06:14:49.275187Z
BITFLYER,FX_BTC_JPY,17528620,0.05000000,17530446,0.00172974,2025-07-16T06:14:49.390955Z
BITFLYER,BTC_JPY,17544901,0.02000000,17550992,0.01337580,2025-07-16T06:14:49.401142Z
BITFLYER,BTC_JPY,17544901,0.02000000,17552799,0.03069685,2025-07-16T06:14:49.528359Z
BITFLYER,FX_BTC_JPY,17527842,0.05282766,17530446,0.00172974,2025-07-16T06:14:49.564252Z
GMO,BTC,17554325,0.00056000,17559700,0.10000000,2025-07-16T06:14:49.607969Z
BITFLYER,BTC_JPY,17544901,0.02000000,17550989,0.02000000,2025-07-16T06:14:49.654760Z
BITFLYER,FX_BTC_JPY,17528149,0.05000000,17530446,0.00172974,2025-07-16T06:14:49.667984Z
GMO,BTC_JPY,17525182,0.02000000,17528907,0.01000000,2025-07-16T06:14:49.678233Z
BITFLYER,FX_BTC_JPY,17528149,0.05000000,17530223,0.03000000,2025-07-16T06:14:49.778533Z
GMO,BTC_JPY,17525182,0.02000000,17528907,0.01000000,2025-07-16T06:14:49.778710Z
GMO,BTC,17554325,0.00056000,17559699,0.09636000,2025-07-16T06:14:49.781770Z
BITFLYER,BTC_JPY,17544901,0.02000000,17552798,0.01337580,2025-07-16T06:14:49.843282Z
BITFLYER,FX_BTC_JPY,17528149,0.05000000,17530223,0.03000000,2025-07-16T06:14:49.876250Z
BITFLYER,BTC_JPY,17544901,0.02000000,17551181,0.01337580,2025-07-16T06:14:49.992780Z
BITFLYER,FX_BTC_JPY,17528149,0.05000000,17530223,0.03000000,2025-07-16T06:14:50.012406Z
BITFLYER,BTC_JPY,17544901,0.02000000,17552800,0.05380000,2025-07-16T06:14:50.145232Z
BITFLYER,FX_BTC_JPY,17528149,0.05000000,17530217,0.00172974,2025-07-16T06:14:50.161700Z
GMO,BTC_JPY,17523148,0.02000000,17528907,0.01000000,2025-07-16T06:14:50.238627Z
BITFLYER,BTC_JPY,17544904,0.02000000,17552795,0.04302620,2025-07-16T06:14:50.284356Z
BITFLYER,FX_BTC_JPY,17528149,0.05000000,17530217,0.00172974,2025-07-16T06:14:50.330949Z
BITFLYER,BTC_JPY,17544904,0.02000000,17552799,0.03006707,2025-07-16T06:14:50.416343Z
BITFLYER,FX_BTC_JPY,17528149,0.05000000,17530217,0.00172974,2025-07-16T06:14:50.445567Z
BITFLYER,BTC_JPY,17544904,0.02000000,17552794,0.01337580,2025-07-16T06:14:50.560460Z
BITFLYER,FX_BTC_JPY,17528149,0.05000000,17530217,0.00172974,2025-07-16T06:14:50.602262Z
GMO,BTC,17554325,0.00056000,17559650,0.10000000,2025-07-16T06:14:50.604523Z
BITFLYER,BTC_JPY,17544904,0.02000000,17552794,0.01337580,2025-07-16T06:14:50.675255Z
GMO,BTC_JPY,17525199,0.02000000,17528906,0.00300000,2025-07-16T06:14:50.683005Z
BITFLYER,FX_BTC_JPY,17528149,0.05000000,17530217,0.00172974,2025-07-16T06:14:50.719374Z
BITFLYER,FX_BTC_JPY,17528149,0.05000000,17530217,0.00172974,2025-07-16T06:14:50.823001Z
BITFLYER,BTC_JPY,17544904,0.02000000,17552793,0.02848784,2025-07-16T06:14:50.846199Z
BITFLYER,FX_BTC_JPY,17528149,0.05000000,17530217,0.00172974,2025-07-16T06:14:50.955651Z
BITFLYER,BTC_JPY,17544904,0.02000000,17552793,0.02848784,2025-07-16T06:14:50.960657Z
BITFLYER,FX_BTC_JPY,17528149,0.05000000,17530217,0.00172974,2025-07-16T06:14:51.060400Z
BITFLYER,BTC_JPY,17544904,0.02000000,17552793,0.01511084,2025-07-16T06:14:51.069231Z
BITFLYER,FX_BTC_JPY,17528149,0.05000000,17530217,0.00172974,2025-07-16T06:14:51.222198Z
GMO,BTC,17554325,0.00056000,17559649,0.06806000,2025-07-16T06:14:51.222247Z
GMO,BTC_JPY,17525214,0.02000000,17528906,0.00300000,2025-07-16T06:14:51.222409Z
BITFLYER,BTC_JPY,17544905,0.01359390,17552792,0.01337580,2025-07-16T06:14:51.222513Z
BITFLYER,FX_BTC_JPY,17528485,0.08000000,17530217,0.00172974,2025-07-16T06:14:51.300528Z
BITFLYER,FX_BTC_JPY,17528485,0.08000000,17530217,0.00172974,2025-07-16T06:14:51.300852Z
BITFLYER,BTC_JPY,17544907,0.02000000,17552792,0.01337580,2025-07-16T06:14:51.355672Z
BITFLYER,FX_BTC_JPY,17528485,0.08000000,17530217,0.00172974,2025-07-16T06:14:51.375905Z
BITFLYER,BTC_JPY,17544907,0.02000000,17552792,0.01337580,2025-07-16T06:14:51.476830Z
BITFLYER,FX_BTC_JPY,17528485,0.08000000,17530217,0.00172974,2025-07-16T06:14:51.511696Z
BITFLYER,BTC_JPY,17544905,0.02000000,17552791,0.02914752,2025-07-16T06:14:51.599149Z
GMO,BTC,17554325,0.00056000,17559649,0.09636000,2025-07-16T06:14:51.637872Z
BITFLYER,FX_BTC_JPY,17528485,0.08000000,17530217,0.00172974,2025-07-16T06:14:51.642326Z
GMO,BTC_JPY,17525958,0.02000000,17528906,0.00300000,2025-07-16T06:14:51.698066Z
BITFLYER,BTC_JPY,17544908,0.03354012,17552791,0.02914752,2025-07-16T06:14:51.727028Z
BITFLYER,FX_BTC_JPY,17528485,0.08000000,17531423,0.05139753,2025-07-16T06:14:51.746146Z
BITFLYER,FX_BTC_JPY,17528485,0.08000000,17531417,0.00172974,2025-07-16T06:14:51.850974Z
BITFLYER,BTC_JPY,17544906,0.01319052,17554177,0.03907894,2025-07-16T06:14:51.860163Z
BITFLYER,FX_BTC_JPY,17528485,0.08000000,17531216,0.03000000,2025-07-16T06:14:51.973080Z
BITFLYER,BTC_JPY,17544906,0.01319052,17552790,0.01337580,2025-07-16T06:14:51.985557Z
GMO,BTC,17554325,0.00056000,17559600,0.10000000,2025-07-16T06:14:52.121344Z
BITFLYER,FX_BTC_JPY,17528485,0.08000000,17531216,0.03000000,2025-07-16T06:14:52.123163Z
BITFLYER,BTC_JPY,17544908,0.16000000,17554176,0.01337580,2025-07-16T06:14:52.141839Z
GMO,BTC_JPY,17524595,0.02000000,17528906,0.00300000,2025-07-16T06:14:52.200952Z
BITFLYER,FX_BTC_JPY,17528485,0.08000000,17531216,0.03000000,2025-07-16T06:14:52.245629Z
BITFLYER,BTC_JPY,17544909,0.02000000,17552789,0.02881860,2025-07-16T06:14:52.284633Z
BITFLYER,FX_BTC_JPY,17528485,0.08000000,17531211,0.00172974,2025-07-16T06:14:52.364842Z
BITFLYER,BTC_JPY,17545300,0.28830000,17554100,0.05380000,2025-07-16T06:14:52.396537Z
BITFLYER,BTC_JPY,17545300,0.28830000,17554100,0.05380000,2025-07-16T06:14:52.517183Z
BITFLYER,FX_BTC_JPY,17528485,0.08000000,17531211,0.00172974,2025-07-16T06:14:52.541632Z
BITFLYER,BTC_JPY,17545301,0.01358045,17552788,0.01337580,2025-07-16T06:14:52.603896Z
GMO,BTC,17554325,0.00056000,17559600,0.10000000,2025-07-16T06:14:52.627235Z
BITFLYER,FX_BTC_JPY,17527842,0.00100000,17531211,0.00172974,2025-07-16T06:14:52.652880Z
BITFLYER,BTC_JPY,17545301,0.01358045,17552788,0.01337580,2025-07-16T06:14:52.679583Z
GMO,BTC_JPY,17523136,0.02000000,17528113,0.03000000,2025-07-16T06:14:52.714338Z
BITFLYER,FX_BTC_JPY,17527842,0.00100000,17530323,0.03000000,2025-07-16T06:14:52.765799Z
BITFLYER,BTC_JPY,17545300,0.28830000,17552788,0.01337580,2025-07-16T06:14:52.801142Z
BITFLYER,FX_BTC_JPY,17527842,0.00100000,17530323,0.03000000,2025-07-16T06:14:52.870619Z
BITFLYER,BTC_JPY,17545303,0.02000000,17554100,0.05380000,2025-07-16T06:14:52.997657Z
BITFLYER,FX_BTC_JPY,17527842,0.00100000,17531216,0.03000000,2025-07-16T06:14:52.997935Z
BITFLYER,BTC_JPY,17545300,0.28830000,17554099,0.01337580,2025-07-16T06:14:53.040985Z
BITFLYER,FX_BTC_JPY,17527842,0.00100000,17530317,0.00172974,2025-07-16T06:14:53.092724Z
GMO,BTC,17554325,0.00056000,17559277,0.00500000,2025-07-16T06:14:53.131752Z
BITFLYER,BTC_JPY,17545303,0.02000000,17554099,0.06340727,2025-07-16T06:14:53.182689Z
GMO,BTC_JPY,17525793,0.02000000,17528906,0.00300000,2025-07-16T06:14:53.218037Z
BITFLYER,FX_BTC_JPY,17527842,0.00100000,17530677,0.03000000,2025-07-16T06:14:53.225147Z
BITFLYER,BTC_JPY,17545303,0.02000000,17554099,0.06340727,2025-07-16T06:14:53.319684Z
BITFLYER,FX_BTC_JPY,17527842,0.00100000,17530677,0.03000000,2025-07-16T06:14:53.355580Z
BITFLYER,BTC_JPY,17545303,0.02000000,17554099,0.06340727,2025-07-16T06:14:53.439378Z
BITFLYER,FX_BTC_JPY,17527842,0.00100000,17530677,0.03000000,2025-07-16T06:14:53.464707Z
BITFLYER,FX_BTC_JPY,17527842,0.00100000,17530186,0.04000000,2025-07-16T06:14:53.569528Z
GMO,BTC,17554325,0.00056000,17559277,0.00500000,2025-07-16T06:14:53.660690Z
BITFLYER,FX_BTC_JPY,17527842,0.00100000,17530186,0.04000000,2025-07-16T06:14:53.708049Z
BITFLYER,BTC_JPY,17545301,0.18000000,17554099,0.06340727,2025-07-16T06:14:53.711864Z
GMO,BTC_JPY,17525842,0.02000000,17528906,0.00300000,2025-07-16T06:14:53.720039Z
BITFLYER,BTC_JPY,17545306,0.02000000,17554099,0.06340727,2025-07-16T06:14:53.832401Z
BITFLYER,FX_BTC_JPY,17527842,0.00100000,17530186,0.04000000,2025-07-16T06:14:53.849576Z
BITFLYER,FX_BTC_JPY,17528207,0.05056542,17530186,0.04000000,2025-07-16T06:14:53.954576Z
BITFLYER,BTC_JPY,17545317,0.00968820,17554099,0.06340727,2025-07-16T06:14:53.959568Z
BITFLYER,FX_BTC_JPY,17528207,0.05056542,17530181,0.00172974,2025-07-16T06:14:54.062230Z
BITFLYER,BTC_JPY,17545317,0.00968820,17554099,0.06340727,2025-07-16T06:14:54.084654Z
GMO,BTC,17554325,0.00056000,17559250,0.10000000,2025-07-16T06:14:54.166152Z
BITFLYER,FX_BTC_JPY,17528207,0.05056542,17530181,0.00172974,2025-07-16T06:14:54.166160Z
BITFLYER,BTC_JPY,17545317,0.00968820,17554099,0.06340727,2025-07-16T06:14:54.189937Z
GMO,BTC_JPY,17525826,0.02000000,17528906,0.00300000,2025-07-16T06:14:54.227303Z
BITFLYER,FX_BTC_JPY,17528207,0.05056542,17530181,0.00172974,2025-07-16T06:14:54.285288Z
BITFLYER,BTC_JPY,17545309,0.02000000,17554099,0.06340727,2025-07-16T06:14:54.317827Z
BITFLYER,BTC_JPY,17545318,0.02000000,17554099,0.06340727,2025-07-16T06:14:54.475010Z
BITFLYER,FX_BTC_JPY,17528207,0.05056542,17530181,0.00172974,2025-07-16T06:14:54.475314Z
BITFLYER,BTC_JPY,17545318,0.02000000,17554099,0.06340727,2025-07-16T06:14:54.552072Z
BITFLYER,FX_BTC_JPY,17528207,0.05056542,17530181,0.00172974,2025-07-16T06:14:54.595768Z
GMO,BTC,17554325,0.00056000,17559249,0.06806000,2025-07-16T06:14:54.653929Z
BITFLYER,BTC_JPY,17545318,0.02000000,17554099,0.06340727,2025-07-16T06:14:54.708977Z
BITFLYER,FX_BTC_JPY,17528207,0.05056542,17530181,0.00172974,2025-07-16T06:14:54.764336Z
GMO,BTC_JPY,17525826,0.02000000,17528906,0.00300000,2025-07-16T06:14:54.764522Z
BITFLYER,BTC_JPY,17545321,0.02000000,17554099,0.06340727,2025-07-16T06:14:54.863091Z
GMO,BTC_JPY,17525826,0.02000000,17528906,0.00300000,2025-07-16T06:14:54.863331Z
GMO,BTC,17554325,0.00056000,17559249,0.06806000,2025-07-16T06:14:54.863591Z
BITFLYER,FX_BTC_JPY,17528378,0.05000000,17530181,0.00172974,2025-07-16T06:14:54.922610Z
BITFLYER,BTC_JPY,17545321,0.02000000,17554099,0.06340727,2025-07-16T06:14:54.926236Z
BITFLYER,BTC_JPY,17545321,0.02000000,17554099,0.06340727,2025-07-16T06:14:55.036051Z
BITFLYER,FX_BTC_JPY,17528378,0.05000000,17530181,0.00172974,2025-07-16T06:14:55.054433Z
GMO,BTC,17554350,0.10000000,17559200,0.10000000,2025-07-16T06:14:55.159945Z
BITFLYER,BTC_JPY,17545321,0.02000000,17554099,0.06340727,2025-07-16T06:14:55.160017Z
BITFLYER,FX_BTC_JPY,17527535,0.08000000,17529471,0.03000000,2025-07-16T06:14:55.220857Z
GMO,BTC_JPY,17523087,0.02000000,17527263,0.03000000,2025-07-16T06:14:55.235114Z
BITFLYER,BTC_JPY,17545322,0.14064551,17554099,0.06340727,2025-07-16T06:14:55.282118Z
BITFLYER,FX_BTC_JPY,17527535,0.08000000,17529471,0.03000000,2025-07-16T06:14:55.327167Z
BITFLYER,BTC_JPY,17545322,0.14064551,17554099,0.06340727,2025-07-16T06:14:55.384823Z
BITFLYER,FX_BTC_JPY,17527535,0.03875000,17529471,0.03000000,2025-07-16T06:14:55.441183Z
BITFLYER,BTC_JPY,17545322,0.14064551,17554009,0.04073000,2025-07-16T06:14:55.502435Z
BITFLYER,FX_BTC_JPY,17527535,0.03875000,17529471,0.03000000,2025-07-16T06:14:55.548087Z
BITFLYER,BTC_JPY,17545325,0.02000000,17554009,0.04073000,2025-07-16T06:14:55.611646Z
GMO,BTC,17554325,0.00056000,17559199,0.06806000,2025-07-16T06:14:55.670875Z
BITFLYER,FX_BTC_JPY,17527535,0.03875000,17529462,0.00172974,2025-07-16T06:14:55.696169Z
BITFLYER,BTC_JPY,17545325,0.02000000,17554009,0.04073000,2025-07-16T06:14:55.741946Z
GMO,BTC_JPY,17522686,0.01000000,17526124,0.02000000,2025-07-16T06:14:55.747905Z
BITFLYER,FX_BTC_JPY,17527535,0.03875000,17529462,0.00172974,2025-07-16T06:14:55.801939Z
BITFLYER,BTC_JPY,17545325,0.02000000,17554008,0.05910865,2025-07-16T06:14:55.855254Z
BITFLYER,FX_BTC_JPY,17527535,0.03875000,17529461,0.00100000,2025-07-16T06:14:55.906271Z
BITFLYER,BTC_JPY,17546200,0.28830000,17554007,0.03200000,2025-07-16T06:14:55.983889Z
BITFLYER,FX_BTC_JPY,17527535,0.03875000,17529353,0.03000000,2025-07-16T06:14:56.014097Z
BITFLYER,BTC_JPY,17546200,0.28830000,17553200,0.05380000,2025-07-16T06:14:56.091301Z
BITFLYER,FX_BTC_JPY,17527535,0.03875000,17529353,0.03000000,2025-07-16T06:14:56.115459Z
BITFLYER,BTC_JPY,17546200,0.28830000,17553200,0.05380000,2025-07-16T06:14:56.320670Z
GMO,BTC,17554325,0.00056000,17559199,0.05930000,2025-07-16T06:14:56.321127Z
BITFLYER,FX_BTC_JPY,17527535,0.03875000,17529352,0.00100000,2025-07-16T06:14:56.321147Z
GMO,BTC_JPY,17523370,0.02000000,17526006,0.02000000,2025-07-16T06:14:56.321328Z
BITFLYER,FX_BTC_JPY,17527535,0.03875000,17529352,0.00100000,2025-07-16T06:14:56.351155Z
BITFLYER,BTC_JPY,17546201,0.02000000,17553199,0.01337580,2025-07-16T06:14:56.351714Z
BITFLYER,FX_BTC_JPY,17527535,0.03875000,17529352,0.00100000,2025-07-16T06:14:56.354394Z
BITFLYER,FX_BTC_JPY,17527535,0.03875000,17529352,0.00100000,2025-07-16T06:14:56.461848Z
BITFLYER,BTC_JPY,17546203,0.02000000,17553199,0.05856150,2025-07-16T06:14:56.477311Z
BITFLYER,FX_BTC_JPY,17527535,0.03875000,17529346,0.00172974,2025-07-16T06:14:56.564682Z
BITFLYER,BTC_JPY,17546201,0.02000000,17553199,0.05856150,2025-07-16T06:14:56.584164Z
BITFLYER,FX_BTC_JPY,17527535,0.03875000,17529346,0.00172974,2025-07-16T06:14:56.684468Z
GMO,BTC,17554325,0.00056000,17559150,0.10000000,2025-07-16T06:14:56.684746Z
BITFLYER,BTC_JPY,17546204,0.02000000,17553199,0.05856150,2025-07-16T06:14:56.740163Z
GMO,BTC_JPY,17524582,0.02000000,17526005,0.00300000,2025-07-16T06:14:56.746324Z
BITFLYER,FX_BTC_JPY,17527535,0.03875000,17529346,0.00172974,2025-07-16T06:14:56.786277Z
BITFLYER,BTC_JPY,17546204,0.02000000,17553199,0.05856150,2025-07-16T06:14:56.844264Z
BITFLYER,FX_BTC_JPY,17527536,0.02590000,17529345,0.00100000,2025-07-16T06:14:56.906792Z
BITFLYER,BTC_JPY,17546204,0.02000000,17553199,0.05856150,2025-07-16T06:14:56.995571Z
BITFLYER,BTC_JPY,17546204,0.02000000,17553199,0.05856150,2025-07-16T06:14:57.046478Z
BITFLYER,BTC_JPY,17546204,0.02000000,17553199,0.05856150,2025-07-16T06:14:57.152752Z
GMO,BTC,17554325,0.00056000,17559149,0.06806000,2025-07-16T06:14:57.187307Z
BITFLYER,FX_BTC_JPY,17527545,0.03800000,17529346,0.00172974,2025-07-16T06:14:57.210160Z
BITFLYER,BTC_JPY,17547100,0.28830000,17553199,0.05856150,2025-07-16T06:14:57.296506Z
BITFLYER,FX_BTC_JPY,17527545,0.03800000,17530167,0.02000000,2025-07-16T06:14:57.317024Z
BITFLYER,BTC_JPY,17547100,0.28830000,17553199,0.05856150,2025-07-16T06:14:57.421213Z
BITFLYER,FX_BTC_JPY,17528809,0.05000000,17530160,0.00172974,2025-07-16T06:14:57.447083Z
BITFLYER,BTC_JPY,17547500,0.28830000,17553199,0.05856150,2025-07-16T06:14:57.524107Z
BITFLYER,FX_BTC_JPY,17528809,0.05000000,17530160,0.00172974,2025-07-16T06:14:57.552382Z
BITFLYER,BTC_JPY,17547500,0.28830000,17553199,0.05856150,2025-07-16T06:14:57.620208Z
BITFLYER,FX_BTC_JPY,17528809,0.05000000,17530160,0.00172974,2025-07-16T06:14:57.661371Z
BITFLYER,BTC_JPY,17547500,0.28830000,17553199,0.05856150,2025-07-16T06:14:57.668822Z
GMO,BTC,17554325,0.00056000,17559100,0.10000000,2025-07-16T06:14:57.694487Z
GMO,BTC_JPY,17524592,0.00500000,17529323,0.00300000,2025-07-16T06:14:57.752427Z
BITFLYER,FX_BTC_JPY,17528809,0.05000000,17530160,0.00172974,2025-07-16T06:14:57.781181Z
BITFLYER,BTC_JPY,17547500,0.28830000,17553199,0.05856150,2025-07-16T06:14:57.789485Z
BITFLYER,BTC_JPY,17547500,0.28830000,17553199,0.05856150,2025-07-16T06:14:57.911099Z
BITFLYER,FX_BTC_JPY,17528809,0.05000000,17530160,0.00172974,2025-07-16T06:14:57.956045Z
BITFLYER,BTC_JPY,17547500,0.28830000,17553199,0.05856150,2025-07-16T06:14:58.049709Z
BITFLYER,FX_BTC_JPY,17528809,0.05000000,17530167,0.02000000,2025-07-16T06:14:58.061688Z
BITFLYER,BTC_JPY,17547501,0.22000000,17553199,0.05856150,2025-07-16T06:14:58.172561Z
BITFLYER,FX_BTC_JPY,17528809,0.05000000,17530167,0.02000000,2025-07-16T06:14:58.195575Z
GMO,BTC_JPY,17525121,0.02000000,17529807,0.02000000,2025-07-16T06:14:58.258619Z
BITFLYER,BTC_JPY,17547503,0.02000000,17553199,0.05856150,2025-07-16T06:14:58.301057Z
BITFLYER,FX_BTC_JPY,17528809,0.05000000,17530167,0.02000000,2025-07-16T06:14:58.309622Z
BITFLYER,BTC_JPY,17547503,0.02000000,17553199,0.05856150,2025-07-16T06:14:58.409474Z
BITFLYER,FX_BTC_JPY,17528809,0.05000000,17530158,0.00172974,2025-07-16T06:14:58.440626Z
BITFLYER,BTC_JPY,17547501,0.24000000,17553199,0.05856150,2025-07-16T06:14:58.514277Z
BITFLYER,FX_BTC_JPY,17528809,0.05000000,17530158,0.00172974,2025-07-16T06:14:58.547773Z
BITFLYER,BTC_JPY,17547506,0.02000000,17553199,0.05856150,2025-07-16T06:14:58.623642Z
BITFLYER,FX_BTC_JPY,17528809,0.05000000,17530158,0.00172974,2025-07-16T06:14:58.649235Z
GMO,BTC,17554325,0.00056000,17559099,0.06806000,2025-07-16T06:14:58.691835Z
BITFLYER,FX_BTC_JPY,17528809,0.05000000,17530158,0.00172974,2025-07-16T06:14:58.759050Z
BITFLYER,BTC_JPY,17547501,0.24000000,17553199,0.05856150,2025-07-16T06:14:58.763804Z
GMO,BTC_JPY,17525121,0.02000000,17529369,0.02000000,2025-07-16T06:14:58.765628Z
BITFLYER,FX_BTC_JPY,17528809,0.05000000,17530167,0.02000000,2025-07-16T06:14:58.891476Z
BITFLYER,BTC_JPY,17547504,0.02000000,17553199,0.05856150,2025-07-16T06:14:59.006628Z
BITFLYER,FX_BTC_JPY,17528809,0.05000000,17530167,0.02000000,2025-07-16T06:14:59.021695Z
BITFLYER,BTC_JPY,17547504,0.02000000,17553199,0.05856150,2025-07-16T06:14:59.142006Z
BITFLYER,FX_BTC_JPY,17528809,0.05000000,17530167,0.02000000,2025-07-16T06:14:59.194285Z
GMO,BTC,17554350,0.10000000,17559099,0.09636000,2025-07-16T06:14:59.199370Z
BITFLYER,BTC_JPY,17547505,0.02000000,17553199,0.05856150,2025-07-16T06:14:59.268613Z
GMO,BTC_JPY,17525121,0.02000000,17529369,0.02000000,2025-07-16T06:14:59.268716Z
BITFLYER,FX_BTC_JPY,17528809,0.05000000,17530167,0.02000000,2025-07-16T06:14:59.355005Z
BITFLYER,BTC_JPY,17547505,0.02000000,17553199,0.05856150,2025-07-16T06:14:59.384525Z
BITFLYER,FX_BTC_JPY,17528809,0.05000000,17530167,0.02000000,2025-07-16T06:14:59.478861Z
BITFLYER,BTC_JPY,17547505,0.02000000,17553199,0.05856150,2025-07-16T06:14:59.507377Z
BITFLYER,FX_BTC_JPY,17528809,0.05000000,17530167,0.02000000,2025-07-16T06:14:59.614225Z
GMO,BTC,17554325,0.00056000,17559050,0.10000000,2025-07-16T06:14:59.716746Z
BITFLYER,BTC_JPY,17547508,0.02000000,17553199,0.05856150,2025-07-16T06:14:59.731278Z
GMO,BTC_JPY,17525131,0.00500000,17528968,0.02000000,2025-07-16T06:14:59.772326Z
BITFLYER,BTC_JPY,17547508,0.02000000,17553199,0.05856150,2025-07-16T06:14:59.861014Z
BITFLYER,FX_BTC_JPY,17528041,0.05011690,17530167,0.02000000,2025-07-16T06:14:59.882809Z
BITFLYER,BTC_JPY,17547508,0.02000000,17553199,0.05856150,2025-07-16T06:14:59.982369Z
GMO,BTC_JPY,17525121,0.02000000,17529807,0.02000000,2025-07-16T06:14:59.982472Z
GMO,BTC,17554325,0.00056000,17559050,0.10000000,2025-07-16T06:15:00.004179Z
BITFLYER,FX_BTC_JPY,17528041,0.05011690,17530167,0.02000000,2025-07-16T06:15:00.061583Z
BITFLYER,FX_BTC_JPY,17528680,0.05000000,17530186,0.04000000,2025-07-16T06:15:00.367376Z
BITFLYER,BTC_JPY,17547508,0.02000000,17553199,0.05856150,2025-07-16T06:15:00.367614Z
BITFLYER,FX_BTC_JPY,17529458,0.07105480,17530186,0.04000000,2025-07-16T06:15:00.368042Z
BITFLYER,BTC_JPY,17547508,0.02000000,17553198,0.02000000,2025-07-16T06:15:00.381324Z
BITFLYER,FX_BTC_JPY,17530437,0.03875000,17532103,0.00114239,2025-07-16T06:15:00.472103Z
BITFLYER,BTC_JPY,17547509,0.18000000,17553198,0.02000000,2025-07-16T06:15:00.520443Z
BITFLYER,FX_BTC_JPY,17530437,0.03875000,17531626,0.00172974,2025-07-16T06:15:00.595492Z
BITFLYER,BTC_JPY,17547511,0.02000000,17553197,0.04088465,2025-07-16T06:15:00.658851Z
BITFLYER,FX_BTC_JPY,17530437,0.03875000,17532103,0.00114239,2025-07-16T06:15:00.683635Z
GMO,BTC,17554350,0.10000000,17559049,0.09636000,2025-07-16T06:15:00.712454Z
BITFLYER,BTC_JPY,17547511,0.02000000,17553197,0.04088465,2025-07-16T06:15:00.782812Z
GMO,BTC_JPY,17526123,0.02000000,17529429,0.02000000,2025-07-16T06:15:00.782877Z
BITFLYER,FX_BTC_JPY,17530437,0.03875000,17532103,0.00114239,2025-07-16T06:15:00.802083Z
BITFLYER,BTC_JPY,17547543,0.00968690,17555198,0.01092960,2025-07-16T06:15:00.922576Z
BITFLYER,FX_BTC_JPY,17531554,0.07105480,17532103,0.00114239,2025-07-16T06:15:00.926203Z
BITFLYER,BTC_JPY,17547543,0.00968690,17553199,0.03281799,2025-07-16T06:15:01.021866Z
BITFLYER,FX_BTC_JPY,17531554,0.07105480,17532103,0.00114239,2025-07-16T06:15:01.055190Z
BITFLYER,BTC_JPY,17547543,0.00968690,17555198,0.01092960,2025-07-16T06:15:01.147389Z
BITFLYER,FX_BTC_JPY,17531554,0.07105480,17532103,0.00114239,2025-07-16T06:15:01.160239Z
GMO,BTC,17554350,0.10000000,17559049,0.09636000,2025-07-16T06:15:01.240926Z
BITFLYER,BTC_JPY,17547544,0.02662420,17555197,0.04733720,2025-07-16T06:15:01.265579Z
GMO,BTC_JPY,17526102,0.02000000,17529459,0.02000000,2025-07-16T06:15:01.311444Z
BITFLYER,FX_BTC_JPY,17531554,0.07105480,17532103,0.00114239,2025-07-16T06:15:01.313623Z
BITFLYER,FX_BTC_JPY,17531554,0.07105480,17532103,0.00114239,2025-07-16T06:15:01.331120Z
BITFLYER,BTC_JPY,17547544,0.04662420,17555197,0.06733720,2025-07-16T06:15:01.402399Z
BITFLYER,FX_BTC_JPY,17531554,0.07105480,17532103,0.00114239,2025-07-16T06:15:01.445570Z
BITFLYER,BTC_JPY,17547544,0.02000000,17555197,0.02000000,2025-07-16T06:15:01.532324Z
BITFLYER,FX_BTC_JPY,17531554,0.07105480,17532766,0.00172974,2025-07-16T06:15:01.554712Z
BITFLYER,FX_BTC_JPY,17531554,0.07105480,17533088,0.01652070,2025-07-16T06:15:01.662670Z
BITFLYER,BTC_JPY,17547547,0.02000000,17554900,0.05380000,2025-07-16T06:15:01.710794Z
GMO,BTC,17554400,0.05000000,17559048,0.02830000,2025-07-16T06:15:01.728061Z
BITFLYER,FX_BTC_JPY,17530437,0.03875000,17533088,0.01652070,2025-07-16T06:15:01.762295Z
GMO,BTC_JPY,17527090,0.02000000,17530094,0.00100000,2025-07-16T06:15:01.787368Z
BITFLYER,BTC_JPY,17547547,0.02000000,17554900,0.05380000,2025-07-16T06:15:01.825436Z
BITFLYER,FX_BTC_JPY,17530437,0.03875000,17533088,0.01652070,2025-07-16T06:15:01.903535Z
BITFLYER,BTC_JPY,17547547,0.02000000,17554900,0.05380000,2025-07-16T06:15:02.036331Z
BITFLYER,FX_BTC_JPY,17530437,0.03875000,17533088,0.01652070,2025-07-16T06:15:02.036680Z
BITFLYER,FX_BTC_JPY,17530516,0.00600000,17533088,0.01652070,2025-07-16T06:15:02.154358Z
BITFLYER,BTC_JPY,17547548,0.02662420,17554899,0.04824398,2025-07-16T06:15:02.155904Z
GMO,BTC,17554400,0.05000000,17559047,0.02800000,2025-07-16T06:15:02.231461Z
BITFLYER,FX_BTC_JPY,17530516,0.00600000,17533082,0.00172974,2025-07-16T06:15:02.270461Z
GMO,BTC_JPY,17527786,0.02000000,17530094,0.00100000,2025-07-16T06:15:02.306188Z
BITFLYER,FX_BTC_JPY,17530516,0.00600000,17533082,0.00172974,2025-07-16T06:15:02.390250Z
BITFLYER,BTC_JPY,17547548,0.04662420,17554899,0.06824398,2025-07-16T06:15:02.411391Z
BITFLYER,FX_BTC_JPY,17530516,0.00600000,17533082,0.00172974,2025-07-16T06:15:02.527393Z
BITFLYER,BTC_JPY,17547548,0.04662420,17554899,0.06824398,2025-07-16T06:15:02.633171Z
BITFLYER,BTC_JPY,17547548,0.04662420,17554899,0.06824398,2025-07-16T06:15:02.633329Z
BITFLYER,FX_BTC_JPY,17532269,0.00100000,17533075,0.05000000,2025-07-16T06:15:02.676065Z
GMO,BTC,17554450,0.10000000,17559047,0.00029000,2025-07-16T06:15:02.737972Z
BITFLYER,BTC_JPY,17547548,0.04662420,17554899,0.06824398,2025-07-16T06:15:02.784965Z
BITFLYER,FX_BTC_JPY,17532269,0.00100000,17533075,0.05000000,2025-07-16T06:15:02.790747Z
GMO,BTC_JPY,17525743,0.03000000,17530094,0.00100000,2025-07-16T06:15:02.803456Z
BITFLYER,FX_BTC_JPY,17532269,0.00100000,17533075,0.05000000,2025-07-16T06:15:02.896389Z
BITFLYER,BTC_JPY,17547551,0.02000000,17554899,0.06824398,2025-07-16T06:15:02.900786Z
BITFLYER,FX_BTC_JPY,17532269,0.00100000,17533069,0.00172974,2025-07-16T06:15:03.056280Z
BITFLYER,BTC_JPY,17547560,0.00968690,17554899,0.06824398,2025-07-16T06:15:03.056482Z
BITFLYER,BTC_JPY,17547560,0.00968690,17554899,0.06824398,2025-07-16T06:15:03.137486Z
BITFLYER,FX_BTC_JPY,17532269,0.00100000,17533069,0.00172974,2025-07-16T06:15:03.149648Z
BITFLYER,BTC_JPY,17547560,0.00968690,17554899,0.06824398,2025-07-16T06:15:03.262331Z
GMO,BTC,17554450,0.10000000,17558865,0.00500000,2025-07-16T06:15:03.285337Z
BITFLYER,FX_BTC_JPY,17532269,0.00100000,17533068,0.00100000,2025-07-16T06:15:03.285353Z
GMO,BTC_JPY,17526286,0.00200000,17530094,0.00100000,2025-07-16T06:15:03.308080Z
BITFLYER,FX_BTC_JPY,17532269,0.00100000,17533068,0.00100000,2025-07-16T06:15:03.381617Z
BITFLYER,BTC_JPY,17547560,0.00968690,17554898,0.23661814,2025-07-16T06:15:03.390418Z
BITFLYER,BTC_JPY,17547554,0.02000000,17554898,0.23661814,2025-07-16T06:15:03.532568Z
BITFLYER,FX_BTC_JPY,17532269,0.00100000,17533068,0.00100000,2025-07-16T06:15:03.537549Z
BITFLYER,FX_BTC_JPY,17532269,0.00100000,17533068,0.00100000,2025-07-16T06:15:03.651098Z
BITFLYER,BTC_JPY,17547561,0.02662420,17554897,0.05211834,2025-07-16T06:15:03.677654Z
BITFLYER,FX_BTC_JPY,17532269,0.00100000,17533068,0.00100000,2025-07-16T06:15:03.756574Z
GMO,BTC,17554450,0.10000000,17558850,0.10000000,2025-07-16T06:15:03.772916Z
GMO,BTC_JPY,17526243,0.00200000,17530094,0.00100000,2025-07-16T06:15:03.824418Z
BITFLYER,FX_BTC_JPY,17532269,0.00100000,17533068,0.00100000,2025-07-16T06:15:03.860838Z
BITFLYER,BTC_JPY,17547552,0.02000000,17554897,0.05211834,2025-07-16T06:15:03.910891Z
BITFLYER,FX_BTC_JPY,17532269,0.00100000,17533068,0.00100000,2025-07-16T06:15:04.012843Z
BITFLYER,BTC_JPY,17547555,0.02000000,17554897,0.05211834,2025-07-16T06:15:04.062548Z
BITFLYER,FX_BTC_JPY,17532269,0.00100000,17533068,0.00100000,2025-07-16T06:15:04.117634Z
BITFLYER,BTC_JPY,17547553,0.02662420,17554897,0.05211834,2025-07-16T06:15:04.201508Z
GMO,BTC,17554450,0.10000000,17558849,0.06806000,2025-07-16T06:15:04.318784Z
BITFLYER,FX_BTC_JPY,17532269,0.00100000,17533068,0.00100000,2025-07-16T06:15:04.318921Z
BITFLYER,BTC_JPY,17547555,0.02000000,17554896,0.02000000,2025-07-16T06:15:04.332035Z
GMO,BTC_JPY,17527786,0.02000000,17530094,0.00100000,2025-07-16T06:15:04.337027Z
BITFLYER,FX_BTC_JPY,17532269,0.00100000,17533068,0.00100000,2025-07-16T06:15:04.369626Z
BITFLYER,BTC_JPY,17547556,0.02662420,17554896,0.02000000,2025-07-16T06:15:04.480878Z
BITFLYER,FX_BTC_JPY,17532269,0.00100000,17533068,0.00100000,2025-07-16T06:15:04.506890Z
BITFLYER,BTC_JPY,17547556,0.02662420,17554896,0.02000000,2025-07-16T06:15:04.554235Z
BITFLYER,BTC_JPY,17547556,0.04662420,17554895,0.05102985,2025-07-16T06:15:04.690763Z
BITFLYER,FX_BTC_JPY,17532269,0.00100000,17533068,0.00100000,2025-07-16T06:15:04.754272Z
GMO,BTC,17554450,0.10000000,17558800,0.10000000,2025-07-16T06:15:04.796051Z
GMO,BTC_JPY,17527668,0.02000000,17530094,0.00100000,2025-07-16T06:15:04.831317Z
BITFLYER,BTC_JPY,17547556,0.02662420,17554895,0.05102985,2025-07-16T06:15:04.844014Z
BITFLYER,FX_BTC_JPY,17532269,0.00100000,17533068,0.00100000,2025-07-16T06:15:04.915143Z
BITFLYER,BTC_JPY,17547559,0.02000000,17554895,0.05102985,2025-07-16T06:15:04.951444Z
BITFLYER,FX_BTC_JPY,17532269,0.00100000,17533068,0.00100000,2025-07-16T06:15:05.042183Z
GMO,BTC_JPY,17527668,0.02000000,17530094,0.00100000,2025-07-16T06:15:05.061783Z
BITFLYER,BTC_JPY,17547559,0.02000000,17554895,0.05102985,2025-07-16T06:15:05.065856Z
GMO,BTC,17554450,0.10000000,17558800,0.10000000,2025-07-16T06:15:05.105078Z
BITFLYER,BTC_JPY,17547559,0.02000000,17554894,0.02000000,2025-07-16T06:15:05.191374Z
BITFLYER,FX_BTC_JPY,17532269,0.00100000,17533068,0.00100000,2025-07-16T06:15:05.196987Z
GMO,BTC,17554450,0.10000000,17558799,0.03100000,2025-07-16T06:15:05.292036Z
BITFLYER,FX_BTC_JPY,17532269,0.00100000,17533068,0.00100000,2025-07-16T06:15:05.310079Z
BITFLYER,BTC_JPY,17547560,0.04662420,17554894,0.02000000,2025-07-16T06:15:05.314039Z
BITFLYER,FX_BTC_JPY,17532269,0.00100000,17533068,0.00100000,2025-07-16T06:15:05.421803Z
BITFLYER,BTC_JPY,17547560,0.04662420,17554894,0.02000000,2025-07-16T06:15:05.455998Z
BITFLYER,FX_BTC_JPY,17532269,0.00100000,17533069,0.00172974,2025-07-16T06:15:05.571619Z
BITFLYER,BTC_JPY,17547560,0.19000000,17554894,0.02000000,2025-07-16T06:15:05.622017Z
BITFLYER,FX_BTC_JPY,17532269,0.00100000,17533069,0.00172974,2025-07-16T06:15:05.665454Z
BITFLYER,BTC_JPY,17547563,0.02000000,17554893,0.05102520,2025-07-16T06:15:05.756608Z
GMO,BTC,17554450,0.10000000,17558750,0.10000000,2025-07-16T06:15:05.797277Z
BITFLYER,FX_BTC_JPY,17532269,0.00100000,17533069,0.00172974,2025-07-16T06:15:05.803571Z
GMO,BTC_JPY,17527668,0.02000000,17530094,0.00100000,2025-07-16T06:15:05.857157Z
BITFLYER,BTC_JPY,17547563,0.02000000,17554893,0.05102520,2025-07-16T06:15:05.884054Z
BITFLYER,FX_BTC_JPY,17532269,0.00100000,17533069,0.00172974,2025-07-16T06:15:05.949215Z
BITFLYER,BTC_JPY,17547563,0.02000000,17554893,0.05102520,2025-07-16T06:15:06.022088Z
BITFLYER,FX_BTC_JPY,17532269,0.00100000,17533069,0.00172974,2025-07-16T06:15:06.061674Z
BITFLYER,BTC_JPY,17547564,0.02662420,17554893,0.05102520,2025-07-16T06:15:06.131263Z
BITFLYER,FX_BTC_JPY,17532269,0.00100000,17533069,0.00172974,2025-07-16T06:15:06.159991Z
BITFLYER,BTC_JPY,17547566,0.02000000,17554892,0.02000000,2025-07-16T06:15:06.260626Z
GMO,BTC,17554450,0.10000000,17558749,0.06806000,2025-07-16T06:15:06.417784Z
GMO,BTC_JPY,17527668,0.02000000,17530094,0.00100000,2025-07-16T06:15:06.417952Z
BITFLYER,FX_BTC_JPY,17532269,0.00100000,17533069,0.00172974,2025-07-16T06:15:06.419849Z
BITFLYER,FX_BTC_JPY,17532269,0.00100000,17533069,0.00172974,2025-07-16T06:15:06.421048Z
BITFLYER,BTC_JPY,17547566,0.01800000,17554892,0.02000000,2025-07-16T06:15:06.421279Z
BITFLYER,FX_BTC_JPY,17532269,0.00100000,17533069,0.00172974,2025-07-16T06:15:06.421612Z
BITFLYER,BTC_JPY,17547566,0.01800000,17554892,0.02000000,2025-07-16T06:15:06.496458Z
BITFLYER,FX_BTC_JPY,17532269,0.00100000,17533069,0.00172974,2025-07-16T06:15:06.523844Z
BITFLYER,BTC_JPY,17547569,0.02000000,17554891,0.05171580,2025-07-16T06:15:06.621107Z
BITFLYER,FX_BTC_JPY,17532269,0.00100000,17533069,0.00172974,2025-07-16T06:15:06.680010Z
BITFLYER,BTC_JPY,17547569,0.02000000,17554891,0.05171580,2025-07-16T06:15:06.742777Z
BITFLYER,FX_BTC_JPY,17532269,0.00100000,17533088,0.01652070,2025-07-16T06:15:06.748885Z
GMO,BTC,17554450,0.10000000,17558700,0.10000000,2025-07-16T06:15:06.809493Z
GMO,BTC_JPY,17527668,0.02000000,17530094,0.00100000,2025-07-16T06:15:06.866065Z
BITFLYER,BTC_JPY,17547569,0.02000000,17554891,0.05171580,2025-07-16T06:15:06.881186Z
BITFLYER,FX_BTC_JPY,17532269,0.00100000,17533215,0.00172974,2025-07-16T06:15:06.883270Z
BITFLYER,BTC_JPY,17547570,0.02662420,17554891,0.05171580,2025-07-16T06:15:06.994480Z
BITFLYER,FX_BTC_JPY,17532269,0.00100000,17536528,0.00726959,2025-07-16T06:15:07.006178Z
BITFLYER,FX_BTC_JPY,17532269,0.00100000,17535346,0.12125000,2025-07-16T06:15:07.106897Z
BITFLYER,BTC_JPY,17547576,0.00968690,17555393,0.55800000,2025-07-16T06:15:07.129769Z
BITFLYER,FX_BTC_JPY,17532269,0.00100000,17533739,0.00172974,2025-07-16T06:15:07.210255Z
BITFLYER,BTC_JPY,17547576,0.00968690,17555392,0.04738847,2025-07-16T06:15:07.263445Z
GMO,BTC,17554450,0.10000000,17558699,0.06806000,2025-07-16T06:15:07.318143Z
BITFLYER,FX_BTC_JPY,17532396,0.00600000,17535346,0.12125000,2025-07-16T06:15:07.342370Z
GMO,BTC_JPY,17528849,0.02000000,17530094,0.00100000,2025-07-16T06:15:07.360199Z
BITFLYER,BTC_JPY,17547576,0.00968690,17555392,0.04738847,2025-07-16T06:15:07.390833Z
BITFLYER,FX_BTC_JPY,17532547,0.07105480,17536528,0.00726959,2025-07-16T06:15:07.480382Z
BITFLYER,BTC_JPY,17547577,0.02662420,17555392,0.04738847,2025-07-16T06:15:07.516923Z
BITFLYER,BTC_JPY,17547577,0.02662420,17555392,0.04738847,2025-07-16T06:15:07.609569Z
BITFLYER,FX_BTC_JPY,17532669,0.01000000,17536528,0.00726959,2025-07-16T06:15:07.616077Z
BITFLYER,BTC_JPY,17547577,0.02662420,17555392,0.04738847,2025-07-16T06:15:07.669241Z
BITFLYER,FX_BTC_JPY,17532669,0.01000000,17536528,0.00726959,2025-07-16T06:15:07.748218Z
GMO,BTC,17554450,0.10000000,17558699,0.06806000,2025-07-16T06:15:07.825677Z
BITFLYER,BTC_JPY,17548000,0.28830000,17555392,0.04738847,2025-07-16T06:15:07.826379Z
BITFLYER,FX_BTC_JPY,17533880,0.10000000,17536408,0.00900000,2025-07-16T06:15:07.855088Z
GMO,BTC_JPY,17529214,0.02000000,17533575,0.00500000,2025-07-16T06:15:07.873977Z
BITFLYER,BTC_JPY,17548000,0.28830000,17555392,0.04738847,2025-07-16T06:15:07.960037Z
BITFLYER,FX_BTC_JPY,17533880,0.10000000,17536408,0.00900000,2025-07-16T06:15:07.964222Z
BITFLYER,BTC_JPY,17548002,0.01060400,17558488,0.04034000,2025-07-16T06:15:08.092159Z
BITFLYER,FX_BTC_JPY,17533880,0.10000000,17536408,0.00900000,2025-07-16T06:15:08.095470Z
BITFLYER,BTC_JPY,17548002,0.01060400,17558020,0.05002517,2025-07-16T06:15:08.205098Z
BITFLYER,FX_BTC_JPY,17533880,0.10000000,17536408,0.00900000,2025-07-16T06:15:08.245012Z
GMO,BTC,17554450,0.10000000,17558699,0.03100000,2025-07-16T06:15:08.328764Z
BITFLYER,BTC_JPY,17548003,0.02000000,17558488,0.04034000,2025-07-16T06:15:08.350025Z
GMO,BTC_JPY,17530589,0.02000000,17533303,0.00100000,2025-07-16T06:15:08.366423Z
BITFLYER,FX_BTC_JPY,17533889,0.00100000,17536407,0.00100000,2025-07-16T06:15:08.367470Z
BITFLYER,FX_BTC_JPY,17533889,0.00100000,17536407,0.00100000,2025-07-16T06:15:08.489491Z
BITFLYER,BTC_JPY,17548016,0.00968670,17558487,0.05527998,2025-07-16T06:15:08.497555Z
BITFLYER,FX_BTC_JPY,17533889,0.00100000,17536408,0.00900000,2025-07-16T06:15:08.591399Z
BITFLYER,BTC_JPY,17548900,0.28830000,17558487,0.05527998,2025-07-16T06:15:08.611157Z
BITFLYER,FX_BTC_JPY,17533889,0.00100000,17536408,0.00900000,2025-07-16T06:15:08.729053Z
BITFLYER,BTC_JPY,17548900,0.28830000,17558487,0.05527998,2025-07-16T06:15:08.737206Z
GMO,BTC,17554500,0.05000000,17559267,0.00490000,2025-07-16T06:15:08.842998Z
BITFLYER,BTC_JPY,17548900,0.57660000,17558487,0.05527998,2025-07-16T06:15:08.850691Z
BITFLYER,FX_BTC_JPY,17533889,0.00100000,17536408,0.00900000,2025-07-16T06:15:08.861888Z
GMO,BTC_JPY,17530589,0.02000000,17534856,0.01000000,2025-07-16T06:15:08.870855Z
BITFLYER,FX_BTC_JPY,17533889,0.00100000,17536408,0.00900000,2025-07-16T06:15:08.965482Z
BITFLYER,BTC_JPY,17548901,0.02662420,17559075,0.01060400,2025-07-16T06:15:09.000726Z
BITFLYER,FX_BTC_JPY,17533889,0.00100000,17536408,0.00900000,2025-07-16T06:15:09.069378Z
BITFLYER,BTC_JPY,17548901,0.02662420,17559074,0.05899580,2025-07-16T06:15:09.101105Z
BITFLYER,FX_BTC_JPY,17533889,0.00100000,17536408,0.00900000,2025-07-16T06:15:09.181906Z
BITFLYER,BTC_JPY,17548903,0.02000000,17558486,0.02000000,2025-07-16T06:15:09.240259Z
BITFLYER,FX_BTC_JPY,17533889,0.00100000,17536339,0.03000000,2025-07-16T06:15:09.292379Z
GMO,BTC,17554500,0.05000000,17559267,0.00010000,2025-07-16T06:15:09.345965Z
GMO,BTC_JPY,17530589,0.02000000,17533883,0.02000000,2025-07-16T06:15:09.381880Z
BITFLYER,BTC_JPY,17548903,0.01080640,17558486,0.02000000,2025-07-16T06:15:09.386166Z
BITFLYER,FX_BTC_JPY,17533889,0.00100000,17536339,0.03000000,2025-07-16T06:15:09.409857Z
BITFLYER,BTC_JPY,17548904,0.04662420,17558485,0.05780830,2025-07-16T06:15:09.512019Z
BITFLYER,FX_BTC_JPY,17533889,0.00100000,17536339,0.03000000,2025-07-16T06:15:09.549139Z
BITFLYER,BTC_JPY,17548916,0.00968620,17558485,0.05780830,2025-07-16T06:15:09.630993Z
BITFLYER,FX_BTC_JPY,17533889,0.00100000,17536339,0.03000000,2025-07-16T06:15:09.661029Z
BITFLYER,BTC_JPY,17548916,0.00968620,17558485,0.05780830,2025-07-16T06:15:09.752513Z
BITFLYER,FX_BTC_JPY,17533889,0.00100000,17536339,0.03000000,2025-07-16T06:15:09.761869Z
GMO,BTC,17554550,0.10000000,17559267,0.00010000,2025-07-16T06:15:09.847239Z
BITFLYER,FX_BTC_JPY,17533889,0.00100000,17536339,0.03000000,2025-07-16T06:15:09.880939Z
GMO,BTC_JPY,17529216,0.01000000,17533883,0.02000000,2025-07-16T06:15:09.881145Z
BITFLYER,BTC_JPY,17548916,0.00968620,17558485,0.05780830,2025-07-16T06:15:09.900845Z
BITFLYER,BTC_JPY,17548916,0.00968620,17558100,0.05380000,2025-07-16T06:15:10.009710Z
BITFLYER,FX_BTC_JPY,17533889,0.00100000,17536339,0.03000000,2025-07-16T06:15:10.060914Z
BITFLYER,BTC_JPY,17548917,0.02000000,17558100,0.05380000,2025-07-16T06:15:10.141491Z
GMO,BTC_JPY,17528339,0.00200000,17532900,0.02000000,2025-07-16T06:15:10.198923Z
GMO,BTC,17554550,0.10000000,17559267,0.00010000,2025-07-16T06:15:10.199248Z
BITFLYER,FX_BTC_JPY,17533889,0.00100000,17536240,0.03000000,2025-07-16T06:15:10.224731Z
BITFLYER,BTC_JPY,17548917,0.02000000,17558100,0.05380000,2025-07-16T06:15:10.262103Z
BITFLYER,FX_BTC_JPY,17533889,0.00100000,17536338,0.00100000,2025-07-16T06:15:10.345547Z
GMO,BTC,17554550,0.10000000,17559267,0.00010000,2025-07-16T06:15:10.353686Z
BITFLYER,BTC_JPY,17548917,0.04662420,17558099,0.05754869,2025-07-16T06:15:10.396719Z
BITFLYER,FX_BTC_JPY,17533889,0.00100000,17536338,0.00100000,2025-07-16T06:15:10.445377Z
BITFLYER,BTC_JPY,17548920,0.02000000,17558099,0.05754869,2025-07-16T06:15:10.540934Z
BITFLYER,FX_BTC_JPY,17533889,0.00100000,17536338,0.00100000,2025-07-16T06:15:10.551211Z
BITFLYER,FX_BTC_JPY,17533889,0.00100000,17535673,0.03000000,2025-07-16T06:15:10.654772Z
BITFLYER,BTC_JPY,17548920,0.02000000,17558099,0.05754869,2025-07-16T06:15:10.663751Z
BITFLYER,BTC_JPY,17548920,0.02000000,17558099,0.05754869,2025-07-16T06:15:10.787037Z
GMO,BTC,17554600,0.05000000,17559267,0.00010000,2025-07-16T06:15:10.874994Z
GMO,BTC_JPY,17530084,0.02000000,17532900,0.02000000,2025-07-16T06:15:10.883450Z
BITFLYER,BTC_JPY,17548921,0.02662420,17558099,0.05754869,2025-07-16T06:15:10.919330Z
BITFLYER,FX_BTC_JPY,17532698,0.10000000,17535672,0.00100000,2025-07-16T06:15:10.923775Z
BITFLYER,BTC_JPY,17548921,0.02662420,17558099,0.05754869,2025-07-16T06:15:11.039442Z
BITFLYER,FX_BTC_JPY,17532706,0.00100000,17535672,0.00100000,2025-07-16T06:15:11.044641Z
BITFLYER,FX_BTC_JPY,17532706,0.00100000,17535672,0.00100000,2025-07-16T06:15:11.150228Z
BITFLYER,BTC_JPY,17548921,0.04662420,17558098,0.02000000,2025-07-16T06:15:11.154712Z
BITFLYER,FX_BTC_JPY,17532787,0.00600000,17535671,0.00100000,2025-07-16T06:15:11.269463Z
BITFLYER,BTC_JPY,17548923,0.02000000,17558098,0.02000000,2025-07-16T06:15:11.286940Z
BITFLYER,FX_BTC_JPY,17532787,0.00600000,17535671,0.00100000,2025-07-16T06:15:11.318316Z
GMO,BTC,17554600,0.05000000,17559823,0.00990000,2025-07-16T06:15:11.358006Z
GMO,BTC_JPY,17530202,0.02000000,17532900,0.02000000,2025-07-16T06:15:11.389375Z
BITFLYER,BTC_JPY,17548921,0.04662420,17558097,0.05992163,2025-07-16T06:15:11.444781Z
BITFLYER,FX_BTC_JPY,17533195,0.05486002,17535671,0.00100000,2025-07-16T06:15:11.448638Z
BITFLYER,FX_BTC_JPY,17533195,0.05486002,17535670,0.00100000,2025-07-16T06:15:11.554138Z
BITFLYER,BTC_JPY,17548924,0.04662420,17558097,0.05992163,2025-07-16T06:15:11.589205Z
BITFLYER,FX_BTC_JPY,17533195,0.05486002,17535670,0.00100000,2025-07-16T06:15:11.661884Z
BITFLYER,BTC_JPY,17548924,0.04662420,17558097,0.05992163,2025-07-16T06:15:11.721130Z
BITFLYER,FX_BTC_JPY,17533195,0.05486002,17535670,0.00100000,2025-07-16T06:15:11.791766Z
BITFLYER,BTC_JPY,17548925,0.02662420,17558097,0.05992163,2025-07-16T06:15:11.840715Z
BITFLYER,FX_BTC_JPY,17533195,0.05486002,17535670,0.00100000,2025-07-16T06:15:11.995106Z
GMO,BTC_JPY,17530202,0.02000000,17532900,0.02000000,2025-07-16T06:15:11.995200Z
BITFLYER,BTC_JPY,17548925,0.02662420,17558097,0.05992163,2025-07-16T06:15:11.996827Z
BITFLYER,FX_BTC_JPY,17533195,0.05486002,17535670,0.00100000,2025-07-16T06:15:12.002598Z
BITFLYER,FX_BTC_JPY,17533203,0.00100000,17535670,0.00100000,2025-07-16T06:15:12.176262Z
BITFLYER,BTC_JPY,17548922,0.02662420,17558097,0.05992163,2025-07-16T06:15:12.176520Z
BITFLYER,FX_BTC_JPY,17533203,0.00100000,17535658,0.03000000,2025-07-16T06:15:12.266697Z
BITFLYER,BTC_JPY,17548928,0.02000000,17558096,0.02000000,2025-07-16T06:15:12.289063Z
GMO,BTC,17556736,0.01000000,17559822,0.01000000,2025-07-16T06:15:12.366761Z
BITFLYER,FX_BTC_JPY,17533203,0.00100000,17535658,0.03000000,2025-07-16T06:15:12.370545Z
GMO,BTC_JPY,17530202,0.02000000,17532900,0.02000000,2025-07-16T06:15:12.399986Z
BITFLYER,BTC_JPY,17548926,0.02000000,17558096,0.02000000,2025-07-16T06:15:12.446016Z
BITFLYER,FX_BTC_JPY,17533203,0.00100000,17535657,0.00100000,2025-07-16T06:15:12.492683Z
BITFLYER,BTC_JPY,17548926,0.02000000,17558095,0.05859859,2025-07-16T06:15:12.554162Z
BITFLYER,BTC_JPY,17548926,0.02000000,17558095,0.05859859,2025-07-16T06:15:12.638123Z
BITFLYER,FX_BTC_JPY,17533203,0.00100000,17535657,0.00100000,2025-07-16T06:15:12.639797Z
BITFLYER,BTC_JPY,17548926,0.02000000,17558095,0.05859859,2025-07-16T06:15:12.701580Z
BITFLYER,FX_BTC_JPY,17533203,0.00100000,17535657,0.00100000,2025-07-16T06:15:12.746948Z
BITFLYER,BTC_JPY,17548927,0.02662420,17558093,0.02000000,2025-07-16T06:15:12.829537Z
BITFLYER,FX_BTC_JPY,17532787,0.00600000,17535152,0.03000000,2025-07-16T06:15:12.851700Z
GMO,BTC,17556736,0.01000000,17559822,0.01000000,2025-07-16T06:15:12.876805Z
GMO,BTC_JPY,17530202,0.02000000,17531629,0.02000000,2025-07-16T06:15:12.906060Z
BITFLYER,BTC_JPY,17548927,0.02662420,17558093,0.02000000,2025-07-16T06:15:12.949912Z
BITFLYER,FX_BTC_JPY,17532787,0.00600000,17535657,0.00100000,2025-07-16T06:15:12.965300Z
BITFLYER,BTC_JPY,17548927,0.02662420,17558005,0.03914000,2025-07-16T06:15:13.061549Z
BITFLYER,FX_BTC_JPY,17532797,0.00100000,17534215,0.08703068,2025-07-16T06:15:13.145436Z
BITFLYER,BTC_JPY,17548928,0.02000000,17558005,0.03914000,2025-07-16T06:15:13.189236Z
BITFLYER,FX_BTC_JPY,17532797,0.00100000,17534215,0.08703068,2025-07-16T06:15:13.261Z
BITFLYER,BTC_JPY,17548928,0.02000000,17558005,0.03914000,2025-07-16T06:15:13.320333Z
BITFLYER,FX_BTC_JPY,17532797,0.00100000,17534215,0.08703068,2025-07-16T06:15:13.366260Z
GMO,BTC,17556750,0.05000000,17559821,0.00970000,2025-07-16T06:15:13.375576Z
GMO,BTC_JPY,17530202,0.02000000,17532789,0.02000000,2025-07-16T06:15:13.422956Z
BITFLYER,BTC_JPY,17548929,0.02662420,17558002,0.02000000,2025-07-16T06:15:13.438920Z
BITFLYER,FX_BTC_JPY,17532797,0.00100000,17534214,0.00100000,2025-07-16T06:15:13.468698Z
BITFLYER,FX_BTC_JPY,17532797,0.00100000,17534214,0.00100000,2025-07-16T06:15:13.611705Z
BITFLYER,BTC_JPY,17548929,0.02662420,17558001,0.05771274,2025-07-16T06:15:13.684255Z
BITFLYER,FX_BTC_JPY,17532797,0.00100000,17534214,0.00100000,2025-07-16T06:15:13.741281Z
BITFLYER,BTC_JPY,17548929,0.02662420,17558001,0.05771274,2025-07-16T06:15:13.810199Z
GMO,BTC,17556736,0.01000000,17559999,0.05000000,2025-07-16T06:15:13.890187Z
BITFLYER,FX_BTC_JPY,17533102,0.05350473,17534214,0.00100000,2025-07-16T06:15:13.914177Z
GMO,BTC_JPY,17530202,0.02000000,17532789,0.03000000,2025-07-16T06:15:13.920512Z
BITFLYER,BTC_JPY,17548929,0.02662420,17558005,0.03914000,2025-07-16T06:15:13.951949Z
BITFLYER,FX_BTC_JPY,17533102,0.05350473,17534214,0.00100000,2025-07-16T06:15:14.060945Z
BITFLYER,BTC_JPY,17548929,0.02662420,17557998,0.02000000,2025-07-16T06:15:14.087406Z
BITFLYER,FX_BTC_JPY,17533102,0.05350473,17534214,0.00100000,2025-07-16T06:15:14.162904Z
BITFLYER,BTC_JPY,17548930,0.02000000,17558000,0.02000000,2025-07-16T06:15:14.241784Z
BITFLYER,FX_BTC_JPY,17533110,0.00100000,17534214,0.00100000,2025-07-16T06:15:14.281675Z
BITFLYER,BTC_JPY,17548930,0.02000000,17557908,0.04024000,2025-07-16T06:15:14.382566Z
GMO,BTC,17556736,0.01000000,17560001,0.05000000,2025-07-16T06:15:14.404969Z
BITFLYER,FX_BTC_JPY,17533110,0.00100000,17534214,0.00100000,2025-07-16T06:15:14.404973Z
GMO,BTC_JPY,17530202,0.02000000,17531797,0.02000000,2025-07-16T06:15:14.480089Z
BITFLYER,BTC_JPY,17548930,0.02000000,17557908,0.04024000,2025-07-16T06:15:14.543411Z
BITFLYER,FX_BTC_JPY,17533110,0.00100000,17534214,0.00100000,2025-07-16T06:15:14.552676Z
BITFLYER,FX_BTC_JPY,17533510,0.01000000,17534214,0.00100000,2025-07-16T06:15:14.658605Z
BITFLYER,BTC_JPY,17548931,0.02662420,17557908,0.04024000,2025-07-16T06:15:14.707639Z
BITFLYER,BTC_JPY,17548931,0.02662420,17557905,0.02000000,2025-07-16T06:15:14.843769Z
GMO,BTC,17556736,0.01000000,17559999,0.05000000,2025-07-16T06:15:14.891338Z
GMO,BTC_JPY,17530202,0.02000000,17533937,0.00100000,2025-07-16T06:15:14.931130Z
BITFLYER,FX_BTC_JPY,17533510,0.01000000,17534214,0.00100000,2025-07-16T06:15:14.970767Z
BITFLYER,BTC_JPY,17548931,0.02662420,17557905,0.02000000,2025-07-16T06:15:14.976474Z
BITFLYER,FX_BTC_JPY,17533510,0.01000000,17534214,0.00100000,2025-07-16T06:15:15.109614Z
BITFLYER,BTC_JPY,17548932,0.02000000,17557904,0.05814994,2025-07-16T06:15:15.110093Z
BITFLYER,FX_BTC_JPY,17533510,0.01000000,17534214,0.00100000,2025-07-16T06:15:15.321377Z
GMO,BTC_JPY,17530202,0.02000000,17532222,0.02000000,2025-07-16T06:15:15.321534Z
BITFLYER,BTC_JPY,17548932,0.02000000,17557902,0.02000000,2025-07-16T06:15:15.321652Z
GMO,BTC,17556736,0.01000000,17559999,0.05000000,2025-07-16T06:15:15.327692Z
BITFLYER,FX_BTC_JPY,17533110,0.00100000,17534214,0.00100000,2025-07-16T06:15:15.327775Z
BITFLYER,BTC_JPY,17548933,0.02662420,17557902,0.02000000,2025-07-16T06:15:15.391498Z
BITFLYER,FX_BTC_JPY,17533110,0.00100000,17534214,0.00100000,2025-07-16T06:15:15.531631Z
BITFLYER,BTC_JPY,17548933,0.02662420,17557904,0.02000000,2025-07-16T06:15:15.531878Z
GMO,BTC,17556750,0.15000000,17560001,0.05000000,2025-07-16T06:15:15.536805Z
BITFLYER,FX_BTC_JPY,17533110,0.00100000,17534214,0.00100000,2025-07-16T06:15:15.562814Z
BITFLYER,BTC_JPY,17548933,0.02662420,17557899,0.02000000,2025-07-16T06:15:15.623474Z
BITFLYER,FX_BTC_JPY,17533110,0.00100000,17534214,0.00100000,2025-07-16T06:15:15.652842Z
BITFLYER,BTC_JPY,17548933,0.02662420,17557899,0.02000000,2025-07-16T06:15:15.765031Z
BITFLYER,FX_BTC_JPY,17533110,0.00100000,17534214,0.00100000,2025-07-16T06:15:15.771103Z
BITFLYER,BTC_JPY,17548933,0.02662420,17557898,0.05857282,2025-07-16T06:15:15.889906Z
BITFLYER,FX_BTC_JPY,17533110,0.00100000,17534214,0.00100000,2025-07-16T06:15:15.890229Z
GMO,BTC,17556750,0.15000000,17560001,0.05000000,2025-07-16T06:15:15.927480Z
GMO,BTC_JPY,17530202,0.02000000,17532222,0.02000000,2025-07-16T06:15:15.966857Z
BITFLYER,BTC_JPY,17548933,0.02662420,17557896,0.02000000,2025-07-16T06:15:16.004300Z
BITFLYER,FX_BTC_JPY,17533110,0.00100000,17534214,0.00100000,2025-07-16T06:15:16.042931Z
BITFLYER,BTC_JPY,17548934,0.02000000,17557896,0.02000000,2025-07-16T06:15:16.165158Z
BITFLYER,FX_BTC_JPY,17533110,0.00100000,17534214,0.00100000,2025-07-16T06:15:16.165316Z
BITFLYER,BTC_JPY,17548934,0.04662420,17557895,0.07797250,2025-07-16T06:15:16.231616Z
BITFLYER,FX_BTC_JPY,17533110,0.00100000,17534214,0.00100000,2025-07-16T06:15:16.249385Z
BITFLYER,FX_BTC_JPY,17533110,0.00100000,17534071,0.08703068,2025-07-16T06:15:16.344757Z
BITFLYER,FX_BTC_JPY,17533110,0.00100000,17534071,0.08703068,2025-07-16T06:15:16.355105Z
GMO,BTC,17556750,0.15000000,17560001,0.05000000,2025-07-16T06:15:16.404328Z
BITFLYER,BTC_JPY,17548934,0.04662420,17557895,0.07797250,2025-07-16T06:15:16.411325Z
GMO,BTC_JPY,17530336,0.02000000,17532222,0.02000000,2025-07-16T06:15:16.447810Z
BITFLYER,FX_BTC_JPY,17533110,0.00100000,17534070,0.00100000,2025-07-16T06:15:16.490993Z
BITFLYER,BTC_JPY,17548935,0.02662420,17557895,0.02000000,2025-07-16T06:15:16.509891Z
BITFLYER,FX_BTC_JPY,17533171,0.05275026,17534070,0.00100000,2025-07-16T06:15:16.595489Z
BITFLYER,BTC_JPY,17548935,0.02662420,17557897,0.05652008,2025-07-16T06:15:16.677790Z
BITFLYER,FX_BTC_JPY,17533171,0.05275026,17534070,0.00100000,2025-07-16T06:15:16.701239Z
BITFLYER,BTC_JPY,17548935,0.02662420,17557892,0.02000000,2025-07-16T06:15:16.787117Z
BITFLYER,FX_BTC_JPY,17533171,0.05275026,17534070,0.00100000,2025-07-16T06:15:16.804928Z
GMO,BTC,17556750,0.15000000,17559999,0.05000000,2025-07-16T06:15:16.907011Z
BITFLYER,BTC_JPY,17549110,0.00245990,17557892,0.02000000,2025-07-16T06:15:16.940795Z
BITFLYER,FX_BTC_JPY,17533171,0.05275026,17534070,0.00100000,2025-07-16T06:15:16.983798Z
GMO,BTC_JPY,17527995,0.03100000,17533937,0.00100000,2025-07-16T06:15:16.983918Z
BITFLYER,BTC_JPY,17549110,0.00245990,17557802,0.03930000,2025-07-16T06:15:17.079942Z
BITFLYER,FX_BTC_JPY,17533171,0.05275026,17534070,0.00100000,2025-07-16T06:15:17.087329Z
BITFLYER,FX_BTC_JPY,17533171,0.05275026,17534070,0.00100000,2025-07-16T06:15:17.222805Z
BITFLYER,BTC_JPY,17549111,0.02662420,17557802,0.03930000,2025-07-16T06:15:17.235354Z
BITFLYER,FX_BTC_JPY,17533171,0.05275026,17534070,0.00100000,2025-07-16T06:15:17.328797Z
BITFLYER,BTC_JPY,17549111,0.22662420,17557799,0.02000000,2025-07-16T06:15:17.378725Z
GMO,BTC,17556750,0.10000000,17559999,0.00450000,2025-07-16T06:15:17.446423Z
GMO,BTC_JPY,17528580,0.02000000,17532314,0.02000000,2025-07-16T06:15:17.455803Z
BITFLYER,BTC_JPY,17549111,0.22662420,17557799,0.02000000,2025-07-16T06:15:17.530554Z
BITFLYER,FX_BTC_JPY,17533171,0.05275026,17534070,0.00100000,2025-07-16T06:15:17.557292Z
BITFLYER,BTC_JPY,17549111,0.22662420,17557798,0.05675633,2025-07-16T06:15:17.638831Z
BITFLYER,FX_BTC_JPY,17533171,0.05275026,17534070,0.00100000,2025-07-16T06:15:17.680083Z
BITFLYER,BTC_JPY,17549111,0.22662420,17557798,0.05675633,2025-07-16T06:15:17.687240Z
BITFLYER,FX_BTC_JPY,17533171,0.05275026,17534070,0.00100000,2025-07-16T06:15:17.791855Z
BITFLYER,BTC_JPY,17549900,0.28830000,17557000,0.05380000,2025-07-16T06:15:17.796500Z
BITFLYER,FX_BTC_JPY,17533171,0.05275026,17534070,0.00100000,2025-07-16T06:15:17.900773Z
BITFLYER,BTC_JPY,17549900,0.28830000,17557000,0.05380000,2025-07-16T06:15:17.914300Z
GMO,BTC_JPY,17528580,0.02000000,17533936,0.00300000,2025-07-16T06:15:17.961118Z
BITFLYER,BTC_JPY,17549900,0.57660000,17557000,0.05380000,2025-07-16T06:15:18.035300Z
BITFLYER,FX_BTC_JPY,17533171,0.05275026,17534070,0.00100000,2025-07-16T06:15:18.042306Z
BITFLYER,BTC_JPY,17549901,0.04662420,17556999,0.06999342,2025-07-16T06:15:18.171890Z
BITFLYER,FX_BTC_JPY,17533171,0.05275026,17534070,0.00100000,2025-07-16T06:15:18.186242Z
BITFLYER,BTC_JPY,17549901,0.02000000,17556997,0.02000000,2025-07-16T06:15:18.412014Z
BITFLYER,FX_BTC_JPY,17533171,0.05275026,17534070,0.00100000,2025-07-16T06:15:18.412195Z
BITFLYER,BTC_JPY,17549902,0.02662420,17556997,0.02000000,2025-07-16T06:15:18.418154Z
BITFLYER,FX_BTC_JPY,17533171,0.05275026,17534070,0.00100000,2025-07-16T06:15:18.426721Z
GMO,BTC,17556800,0.05000000,17559999,0.00450000,2025-07-16T06:15:18.462297Z
GMO,BTC_JPY,17528591,0.00500000,17532577,0.02000000,2025-07-16T06:15:18.482808Z
BITFLYER,FX_BTC_JPY,17533171,0.05275026,17534070,0.00100000,2025-07-16T06:15:18.542900Z
BITFLYER,BTC_JPY,17549902,0.02662420,17556996,0.04849628,2025-07-16T06:15:18.548576Z
BITFLYER,FX_BTC_JPY,17533171,0.05275026,17534070,0.00100000,2025-07-16T06:15:18.669609Z
BITFLYER,BTC_JPY,17549902,0.02662420,17556994,0.02000000,2025-07-16T06:15:18.681458Z
BITFLYER,BTC_JPY,17549902,0.02662420,17556999,0.02000000,2025-07-16T06:15:18.790702Z
BITFLYER,FX_BTC_JPY,17533643,0.05405451,17534070,0.00100000,2025-07-16T06:15:18.804673Z
BITFLYER,BTC_JPY,17549902,0.01662420,17556993,0.02000000,2025-07-16T06:15:18.890857Z
BITFLYER,FX_BTC_JPY,17533643,0.05405451,17534070,0.00100000,2025-07-16T06:15:18.950590Z
GMO,BTC,17555476,0.01000000,17559999,0.00450000,2025-07-16T06:15:18.958768Z
GMO,BTC_JPY,17528591,0.00500000,17532739,0.02000000,2025-07-16T06:15:18.986753Z
BITFLYER,FX_BTC_JPY,17533643,0.05405451,17534070,0.00100000,2025-07-16T06:15:19.061949Z
BITFLYER,BTC_JPY,17549903,0.02000000,17556999,0.02000000,2025-07-16T06:15:19.078440Z
BITFLYER,FX_BTC_JPY,17533643,0.05405451,17534070,0.00100000,2025-07-16T06:15:19.177722Z
BITFLYER,BTC_JPY,17549903,0.02000000,17556992,0.04942809,2025-07-16T06:15:19.195374Z
BITFLYER,FX_BTC_JPY,17533643,0.05405451,17534070,0.00100000,2025-07-16T06:15:19.286916Z
BITFLYER,BTC_JPY,17549903,0.02000000,17556990,0.02000000,2025-07-16T06:15:19.309142Z
BITFLYER,FX_BTC_JPY,17533643,0.05405451,17534070,0.00100000,2025-07-16T06:15:19.405318Z
BITFLYER,BTC_JPY,17549904,0.01662420,17556998,0.05143314,2025-07-16T06:15:19.422007Z
GMO,BTC_JPY,17528602,0.00500000,17532622,0.03000000,2025-07-16T06:15:19.483173Z
BITFLYER,FX_BTC_JPY,17533643,0.05405451,17534070,0.00100000,2025-07-16T06:15:19.515690Z
BITFLYER,BTC_JPY,17549904,0.01662420,17556989,0.07224739,2025-07-16T06:15:19.521409Z
BITFLYER,BTC_JPY,17549904,0.01662420,17556900,0.04081000,2025-07-16T06:15:19.644490Z
BITFLYER,FX_BTC_JPY,17533643,0.05405451,17534070,0.00100000,2025-07-16T06:15:19.663960Z
BITFLYER,FX_BTC_JPY,17533643,0.05405451,17534070,0.00100000,2025-07-16T06:15:19.770004Z
BITFLYER,BTC_JPY,17549904,0.01662420,17556900,0.04081000,2025-07-16T06:15:19.786721Z
BITFLYER,FX_BTC_JPY,17533643,0.05405451,17534070,0.00100000,2025-07-16T06:15:19.877720Z
BITFLYER,BTC_JPY,17549904,0.01662420,17556900,0.04081000,2025-07-16T06:15:19.901402Z
GMO,BTC,17555476,0.01000000,17559999,0.00450000,2025-07-16T06:15:19.970396Z
BITFLYER,FX_BTC_JPY,17533643,0.05405451,17534070,0.00100000,2025-07-16T06:15:19.980510Z
GMO,BTC_JPY,17528602,0.00500000,17532622,0.03000000,2025-07-16T06:15:19.988299Z
BITFLYER,BTC_JPY,17549904,0.01662420,17556899,0.04920190,2025-07-16T06:15:20.015556Z
BITFLYER,FX_BTC_JPY,17533643,0.05405451,17534070,0.00100000,2025-07-16T06:15:20.113739Z
BITFLYER,BTC_JPY,17549905,0.02000000,17556897,0.02000000,2025-07-16T06:15:20.149672Z
BITFLYER,FX_BTC_JPY,17533643,0.05405451,17534070,0.00100000,2025-07-16T06:15:20.220615Z
BITFLYER,BTC_JPY,17549905,0.02000000,17556899,0.06920190,2025-07-16T06:15:20.301708Z
BITFLYER,FX_BTC_JPY,17533643,0.05405451,17534070,0.00100000,2025-07-16T06:15:20.329036Z
GMO,BTC_JPY,17529549,0.02000000,17533935,0.03000000,2025-07-16T06:15:20.337395Z
GMO,BTC,17555476,0.01000000,17559999,0.00450000,2025-07-16T06:15:20.358564Z
BITFLYER,BTC_JPY,17549906,0.01662420,17556896,0.04929701,2025-07-16T06:15:20.404543Z
BITFLYER,FX_BTC_JPY,17533643,0.05405451,17534070,0.00100000,2025-07-16T06:15:20.446423Z
BITFLYER,BTC_JPY,17549906,0.01662420,17556896,0.02000000,2025-07-16T06:15:20.545349Z
BITFLYER,FX_BTC_JPY,17533643,0.05405451,17534070,0.00100000,2025-07-16T06:15:20.549031Z
BITFLYER,FX_BTC_JPY,17533643,0.05405451,17534070,0.00100000,2025-07-16T06:15:20.673179Z
BITFLYER,BTC_JPY,17549906,0.01662420,17556899,0.06921767,2025-07-16T06:15:20.681155Z
BITFLYER,FX_BTC_JPY,17533643,0.05405451,17534070,0.00100000,2025-07-16T06:15:20.789590Z
BITFLYER,BTC_JPY,17549906,0.01662420,17556893,0.02000000,2025-07-16T06:15:20.797002Z
BITFLYER,FX_BTC_JPY,17533643,0.05405451,17534070,0.00100000,2025-07-16T06:15:20.892320Z
BITFLYER,BTC_JPY,17549906,0.01662420,17556893,0.02000000,2025-07-16T06:15:20.930003Z
GMO,BTC,17555500,0.15000000,17559999,0.00450000,2025-07-16T06:15:20.991073Z
GMO,BTC_JPY,17527996,0.03000000,17532740,0.03000000,2025-07-16T06:15:21.005852Z
BITFLYER,FX_BTC_JPY,17533643,0.05405451,17534070,0.00100000,2025-07-16T06:15:21.028865Z
BITFLYER,BTC_JPY,17549907,0.02000000,17556892,0.07042773,2025-07-16T06:15:21.084121Z
BITFLYER,BTC_JPY,17549907,0.02000000,17556890,0.02000000,2025-07-16T06:15:21.216441Z
BITFLYER,FX_BTC_JPY,17533052,0.10000000,17534070,0.00100000,2025-07-16T06:15:21.295011Z
BITFLYER,FX_BTC_JPY,17533052,0.10000000,17534070,0.00100000,2025-07-16T06:15:21.362898Z
BITFLYER,BTC_JPY,17549907,0.02000000,17556890,0.02000000,2025-07-16T06:15:21.363157Z
BITFLYER,FX_BTC_JPY,17533296,0.05456294,17534070,0.00100000,2025-07-16T06:15:21.445093Z
BITFLYER,BTC_JPY,17549908,0.01662420,17556887,0.02000000,2025-07-16T06:15:21.503380Z
GMO,BTC,17555540,0.00500000,17559999,0.00490000,2025-07-16T06:15:21.503458Z
GMO,BTC_JPY,17529476,0.02000000,17532739,0.00300000,2025-07-16T06:15:21.517651Z
BITFLYER,FX_BTC_JPY,17533296,0.05456294,17534070,0.00100000,2025-07-16T06:15:21.565121Z
BITFLYER,BTC_JPY,17549908,0.01662420,17556887,0.02000000,2025-07-16T06:15:21.664034Z
BITFLYER,FX_BTC_JPY,17533296,0.05456294,17534070,0.00100000,2025-07-16T06:15:21.717695Z
BITFLYER,FX_BTC_JPY,17533296,0.05456294,17534070,0.00100000,2025-07-16T06:15:21.849024Z
BITFLYER,BTC_JPY,17549908,0.01662420,17556886,0.04841040,2025-07-16T06:15:21.985452Z
BITFLYER,FX_BTC_JPY,17533296,0.05456294,17534070,0.00100000,2025-07-16T06:15:21.988750Z
GMO,BTC,17555550,0.05000000,17559999,0.00490000,2025-07-16T06:15:22.008925Z
GMO,BTC_JPY,17529222,0.02000000,17532739,0.00300000,2025-07-16T06:15:22.019578Z
BITFLYER,BTC_JPY,17549909,0.02000000,17556884,0.02000000,2025-07-16T06:15:22.144159Z
BITFLYER,FX_BTC_JPY,17533296,0.05456294,17534070,0.00100000,2025-07-16T06:15:22.145209Z
BITFLYER,FX_BTC_JPY,17533296,0.05456294,17534070,0.00100000,2025-07-16T06:15:22.271798Z
BITFLYER,BTC_JPY,17549909,0.02000000,17556886,0.06841040,2025-07-16T06:15:22.301779Z
BITFLYER,FX_BTC_JPY,17533296,0.05456294,17534070,0.00100000,2025-07-16T06:15:22.369382Z
BITFLYER,BTC_JPY,17549910,0.01662420,17556883,0.06767250,2025-07-16T06:15:22.403193Z
BITFLYER,FX_BTC_JPY,17533296,0.05456294,17534070,0.00100000,2025-07-16T06:15:22.474981Z
GMO,BTC,17555550,0.15000000,17559999,0.00490000,2025-07-16T06:15:22.502955Z
GMO,BTC_JPY,17529476,0.02000000,17532739,0.00300000,2025-07-16T06:15:22.516115Z
BITFLYER,BTC_JPY,17549910,0.01662420,17556883,0.06767250,2025-07-16T06:15:22.529659Z
BITFLYER,FX_BTC_JPY,17533297,0.05703308,17534070,0.00100000,2025-07-16T06:15:22.597445Z
BITFLYER,BTC_JPY,17549910,0.01662420,17556886,0.02000000,2025-07-16T06:15:22.642957Z
BITFLYER,BTC_JPY,17549910,0.01662420,17556886,0.02000000,2025-07-16T06:15:22.643104Z
BITFLYER,FX_BTC_JPY,17533297,0.05703308,17534070,0.00100000,2025-07-16T06:15:22.719672Z
BITFLYER,BTC_JPY,17549910,0.01662420,17556880,0.02000000,2025-07-16T06:15:22.749002Z
BITFLYER,FX_BTC_JPY,17533297,0.05703308,17534070,0.00100000,2025-07-16T06:15:22.847109Z
BITFLYER,BTC_JPY,17549910,0.01662420,17556880,0.02000000,2025-07-16T06:15:22.878522Z
BITFLYER,FX_BTC_JPY,17533297,0.05703308,17534070,0.00100000,2025-07-16T06:15:22.951421Z
BITFLYER,BTC_JPY,17550086,0.00100000,17556899,0.02000000,2025-07-16T06:15:22.990485Z
GMO,BTC,17555550,0.15000000,17560499,0.05000000,2025-07-16T06:15:23.008196Z
GMO,BTC_JPY,17527996,0.03000000,17532739,0.00300000,2025-07-16T06:15:23.023977Z
BITFLYER,FX_BTC_JPY,17533297,0.05703308,17534070,0.00100000,2025-07-16T06:15:23.056255Z
BITFLYER,BTC_JPY,17550086,0.00100000,17556877,0.02000000,2025-07-16T06:15:23.122090Z
BITFLYER,FX_BTC_JPY,17533297,0.05703308,17534070,0.00100000,2025-07-16T06:15:23.181593Z
BITFLYER,BTC_JPY,17550087,0.01662420,17556877,0.02000000,2025-07-16T06:15:23.249675Z
BITFLYER,FX_BTC_JPY,17533297,0.05703308,17534070,0.00100000,2025-07-16T06:15:23.281004Z
BITFLYER,BTC_JPY,17549911,0.00562420,17556879,0.02000000,2025-07-16T06:15:23.375540Z
BITFLYER,FX_BTC_JPY,17533297,0.05703308,17534070,0.00100000,2025-07-16T06:15:23.429809Z
BITFLYER,BTC_JPY,17550262,0.20000000,17556874,0.02000000,2025-07-16T06:15:23.487997Z
GMO,BTC_JPY,17528007,0.00500000,17532739,0.00300000,2025-07-16T06:15:23.531391Z
BITFLYER,FX_BTC_JPY,17533297,0.05703308,17534070,0.00100000,2025-07-16T06:15:23.549717Z
BITFLYER,BTC_JPY,17550262,0.20000000,17556874,0.02000000,2025-07-16T06:15:23.602571Z
BITFLYER,FX_BTC_JPY,17533297,0.05703308,17534070,0.00100000,2025-07-16T06:15:23.714100Z
BITFLYER,BTC_JPY,17550262,0.20000000,17556876,0.02000000,2025-07-16T06:15:23.721798Z
BITFLYER,BTC_JPY,17550262,0.20000000,17556871,0.02000000,2025-07-16T06:15:23.833113Z
BITFLYER,FX_BTC_JPY,17533297,0.05703308,17534070,0.00100000,2025-07-16T06:15:23.866955Z
BITFLYER,BTC_JPY,17550262,0.20000000,17556871,0.02000000,2025-07-16T06:15:23.932080Z
BITFLYER,FX_BTC_JPY,17533297,0.05703308,17534070,0.00100000,2025-07-16T06:15:23.964821Z
BITFLYER,BTC_JPY,17550263,0.02000000,17556875,0.06000000,2025-07-16T06:15:24.227180Z
GMO,BTC,17555550,0.15000000,17560501,0.05000000,2025-07-16T06:15:24.227297Z
BITFLYER,FX_BTC_JPY,17533297,0.05703308,17534070,0.00100000,2025-07-16T06:15:24.227320Z
BITFLYER,BTC_JPY,17550263,0.02000000,17556868,0.02000000,2025-07-16T06:15:24.227548Z
GMO,BTC_JPY,17528833,0.02000000,17532739,0.00300000,2025-07-16T06:15:24.227752Z
BITFLYER,FX_BTC_JPY,17533297,0.05703308,17534070,0.00100000,2025-07-16T06:15:24.227971Z
BITFLYER,FX_BTC_JPY,17533297,0.05703308,17534070,0.00100000,2025-07-16T06:15:24.661673Z
GMO,BTC,17555550,0.15000000,17560501,0.05000000,2025-07-16T06:15:24.661804Z
BITFLYER,BTC_JPY,17550263,0.02000000,17556868,0.02000000,2025-07-16T06:15:24.661848Z
BITFLYER,FX_BTC_JPY,17533297,0.05703308,17534070,0.00100000,2025-07-16T06:15:24.661914Z
GMO,BTC_JPY,17528833,0.02000000,17532739,0.00300000,2025-07-16T06:15:24.661959Z
BITFLYER,BTC_JPY,17550264,0.25000000,17556867,0.04000000,2025-07-16T06:15:24.662206Z
BITFLYER,FX_BTC_JPY,17533297,0.05703308,17534070,0.00100000,2025-07-16T06:15:24.662427Z
BITFLYER,BTC_JPY,17550438,0.00305370,17556867,0.04000000,2025-07-16T06:15:24.662499Z
BITFLYER,FX_BTC_JPY,17533297,0.05703308,17534070,0.00100000,2025-07-16T06:15:24.663206Z
BITFLYER,BTC_JPY,17550438,0.00305370,17556865,0.02000000,2025-07-16T06:15:24.836746Z
BITFLYER,FX_BTC_JPY,17533297,0.05703308,17534070,0.00100000,2025-07-16T06:15:24.836941Z
BITFLYER,BTC_JPY,17550439,0.20000000,17556871,0.08718834,2025-07-16T06:15:24.873719Z
BITFLYER,FX_BTC_JPY,17533297,0.05703308,17534070,0.00100000,2025-07-16T06:15:24.941352Z
BITFLYER,BTC_JPY,17550439,0.20000000,17557020,0.03950000,2025-07-16T06:15:24.978754Z
BITFLYER,FX_BTC_JPY,17533297,0.05703308,17534070,0.00100000,2025-07-16T06:15:25.045026Z
GMO,BTC_JPY,17528833,0.02000000,17532739,0.00300000,2025-07-16T06:15:25.045144Z
GMO,BTC,17555550,0.15000000,17560501,0.05000000,2025-07-16T06:15:25.047398Z
BITFLYER,FX_BTC_JPY,17533297,0.05703308,17534070,0.00100000,2025-07-16T06:15:25.148527Z
BITFLYER,BTC_JPY,17550439,0.20000000,17556864,0.02000000,2025-07-16T06:15:25.149646Z
BITFLYER,FX_BTC_JPY,17532758,0.10000000,17534070,0.00100000,2025-07-16T06:15:25.261215Z
BITFLYER,BTC_JPY,17550439,0.20000000,17556864,0.02000000,2025-07-16T06:15:25.280443Z
BITFLYER,FX_BTC_JPY,17532758,0.10000000,17534070,0.00100000,2025-07-16T06:15:25.389517Z
BITFLYER,BTC_JPY,17550439,0.20000000,17556864,0.02000000,2025-07-16T06:15:25.403578Z
GMO,BTC_JPY,17527995,0.03100000,17532475,0.01000000,2025-07-16T06:15:25.425244Z
GMO,BTC,17555550,0.15000000,17560499,0.05000000,2025-07-16T06:15:25.439512Z
BITFLYER,FX_BTC_JPY,17532759,0.05703396,17534070,0.00100000,2025-07-16T06:15:25.501944Z
BITFLYER,BTC_JPY,17550439,0.20000000,17556863,0.08887523,2025-07-16T06:15:25.539980Z
BITFLYER,FX_BTC_JPY,17532759,0.05703396,17534070,0.00100000,2025-07-16T06:15:25.614755Z
BITFLYER,BTC_JPY,17550439,0.20000000,17556861,0.02000000,2025-07-16T06:15:25.663087Z
BITFLYER,FX_BTC_JPY,17532759,0.05703396,17534070,0.00100000,2025-07-16T06:15:25.719486Z
BITFLYER,BTC_JPY,17550440,0.20000000,17556861,0.02000000,2025-07-16T06:15:25.804079Z
BITFLYER,FX_BTC_JPY,17532759,0.05703396,17534070,0.00100000,2025-07-16T06:15:25.823645Z
BITFLYER,FX_BTC_JPY,17532759,0.05703396,17534070,0.00100000,2025-07-16T06:15:25.941138Z
BITFLYER,BTC_JPY,17550440,0.22000000,17556858,0.02000000,2025-07-16T06:15:25.955615Z
GMO,BTC_JPY,17528833,0.02000000,17532475,0.01000000,2025-07-16T06:15:26.073684Z
GMO,BTC,17555550,0.10000000,17560501,0.04300000,2025-07-16T06:15:26.081544Z
BITFLYER,FX_BTC_JPY,17532759,0.05703396,17534070,0.00100000,2025-07-16T06:15:26.089804Z
BITFLYER,BTC_JPY,17550440,0.22000000,17556858,0.02000000,2025-07-16T06:15:26.118480Z
BITFLYER,FX_BTC_JPY,17532759,0.05703396,17534070,0.00100000,2025-07-16T06:15:26.196689Z
BITFLYER,BTC_JPY,17550440,0.22000000,17556857,0.08717623,2025-07-16T06:15:26.223384Z
BITFLYER,FX_BTC_JPY,17532759,0.05703396,17534070,0.00100000,2025-07-16T06:15:26.300695Z
BITFLYER,FX_BTC_JPY,17533649,0.05423899,17534070,0.00100000,2025-07-16T06:15:26.354141Z
BITFLYER,BTC_JPY,17550440,0.22000000,17556857,0.08717623,2025-07-16T06:15:26.354355Z
BITFLYER,FX_BTC_JPY,17533649,0.05423899,17534070,0.00100000,2025-07-16T06:15:26.404001Z
BITFLYER,BTC_JPY,17550440,0.22000000,17556855,0.02000000,2025-07-16T06:15:26.463542Z
BITFLYER,FX_BTC_JPY,17533649,0.05423899,17534070,0.00100000,2025-07-16T06:15:26.510882Z
GMO,BTC_JPY,17529459,0.02000000,17532475,0.01000000,2025-07-16T06:15:26.568Z
GMO,BTC,17555550,0.10000000,17560450,0.10000000,2025-07-16T06:15:26.570832Z
BITFLYER,BTC_JPY,17550440,0.22000000,17556856,0.04000000,2025-07-16T06:15:26.583909Z
BITFLYER,FX_BTC_JPY,17533649,0.05423899,17534069,0.08703068,2025-07-16T06:15:26.682736Z
BITFLYER,BTC_JPY,17550440,0.22000000,17556854,0.06000000,2025-07-16T06:15:26.723666Z
BITFLYER,FX_BTC_JPY,17533649,0.05423899,17534069,0.08703068,2025-07-16T06:15:26.742609Z
BITFLYER,BTC_JPY,17550440,0.22000000,17556854,0.04000000,2025-07-16T06:15:26.840331Z
BITFLYER,FX_BTC_JPY,17533649,0.05423899,17534068,0.00100000,2025-07-16T06:15:26.864364Z
BITFLYER,FX_BTC_JPY,17533649,0.05423899,17534068,0.00100000,2025-07-16T06:15:26.985916Z
BITFLYER,BTC_JPY,17550441,0.02000000,17556853,0.06752428,2025-07-16T06:15:26.999426Z
GMO,BTC_JPY,17529476,0.02000000,17532474,0.00300000,2025-07-16T06:15:27.113743Z
GMO,BTC,17555828,0.01000000,17560449,0.06806000,2025-07-16T06:15:27.113948Z
BITFLYER,FX_BTC_JPY,17533649,0.05423899,17534068,0.00100000,2025-07-16T06:15:27.120791Z
BITFLYER,BTC_JPY,17550441,0.02000000,17556851,0.02000000,2025-07-16T06:15:27.129832Z
BITFLYER,BTC_JPY,17550441,0.02000000,17556852,0.04000000,2025-07-16T06:15:27.250020Z
BITFLYER,BTC_JPY,17550441,0.02000000,17556850,0.02000000,2025-07-16T06:15:27.378677Z
BITFLYER,FX_BTC_JPY,17533649,0.05423899,17534068,0.00100000,2025-07-16T06:15:27.386759Z
BITFLYER,BTC_JPY,17550441,0.02000000,17556850,0.02000000,2025-07-16T06:15:27.504514Z
BITFLYER,FX_BTC_JPY,17533649,0.05423899,17534068,0.00100000,2025-07-16T06:15:27.523581Z
GMO,BTC_JPY,17529830,0.02000000,17532474,0.00300000,2025-07-16T06:15:27.687178Z
GMO,BTC,17555828,0.01000000,17560400,0.10000000,2025-07-16T06:15:27.688423Z
BITFLYER,BTC_JPY,17550441,0.02000000,17556849,0.08788191,2025-07-16T06:15:27.691763Z
BITFLYER,FX_BTC_JPY,17533649,0.05423899,17534068,0.00100000,2025-07-16T06:15:27.691953Z
BITFLYER,BTC_JPY,17550441,0.02000000,17556849,0.08788191,2025-07-16T06:15:27.692046Z
BITFLYER,FX_BTC_JPY,17533649,0.05423899,17534068,0.00100000,2025-07-16T06:15:27.728959Z
BITFLYER,BTC_JPY,17550441,0.02000000,17556847,0.02000000,2025-07-16T06:15:27.763883Z
BITFLYER,FX_BTC_JPY,17533649,0.05423899,17534068,0.00100000,2025-07-16T06:15:27.845182Z
BITFLYER,BTC_JPY,17550441,0.02000000,17556759,0.04026000,2025-07-16T06:15:27.903873Z
BITFLYER,FX_BTC_JPY,17533649,0.05423899,17534068,0.00100000,2025-07-16T06:15:28.004446Z
BITFLYER,BTC_JPY,17550441,0.02000000,17556759,0.04026000,2025-07-16T06:15:28.049413Z
GMO,BTC_JPY,17529830,0.02000000,17532474,0.00300000,2025-07-16T06:15:28.074750Z
GMO,BTC,17555850,0.10000000,17560399,0.06806000,2025-07-16T06:15:28.084420Z
BITFLYER,FX_BTC_JPY,17533649,0.05423899,17534068,0.00100000,2025-07-16T06:15:28.143820Z
BITFLYER,BTC_JPY,17550442,0.27000000,17556758,0.08465817,2025-07-16T06:15:28.172709Z
BITFLYER,FX_BTC_JPY,17533649,0.05423899,17534068,0.00100000,2025-07-16T06:15:28.281321Z
BITFLYER,BTC_JPY,17550442,0.27000000,17556200,0.05380000,2025-07-16T06:15:28.301286Z
BITFLYER,FX_BTC_JPY,17533649,0.05423899,17534068,0.00100000,2025-07-16T06:15:28.401465Z
BITFLYER,BTC_JPY,17550442,0.27000000,17556200,0.05380000,2025-07-16T06:15:28.420087Z
BITFLYER,FX_BTC_JPY,17533649,0.05423899,17534068,0.00100000,2025-07-16T06:15:28.547523Z
BITFLYER,BTC_JPY,17550442,0.27000000,17556199,0.04110330,2025-07-16T06:15:28.565903Z
GMO,BTC_JPY,17527996,0.02000000,17532474,0.00300000,2025-07-16T06:15:28.581183Z
GMO,BTC,17555850,0.10000000,17560831,0.00990000,2025-07-16T06:15:28.589625Z
BITFLYER,BTC_JPY,17550442,0.26000000,17556197,0.02000000,2025-07-16T06:15:28.684503Z
BITFLYER,FX_BTC_JPY,17533187,0.10000000,17534068,0.00100000,2025-07-16T06:15:28.803772Z
BITFLYER,BTC_JPY,17550442,0.26000000,17556197,0.02000000,2025-07-16T06:15:28.814012Z
BITFLYER,FX_BTC_JPY,17533314,0.05400013,17534068,0.00100000,2025-07-16T06:15:28.923974Z
BITFLYER,BTC_JPY,17550443,0.02000000,17556196,0.12174622,2025-07-16T06:15:28.940694Z
BITFLYER,BTC_JPY,17550443,0.02000000,17556196,0.12174622,2025-07-16T06:15:29.046294Z
BITFLYER,FX_BTC_JPY,17533314,0.05400013,17534068,0.00100000,2025-07-16T06:15:29.055271Z
GMO,BTC_JPY,17528007,0.00500000,17532474,0.00300000,2025-07-16T06:15:29.134323Z
GMO,BTC,17555850,0.15000000,17561255,0.04610000,2025-07-16T06:15:29.134524Z
BITFLYER,BTC_JPY,17550442,0.26000000,17556195,0.04000000,2025-07-16T06:15:29.195074Z
BITFLYER,FX_BTC_JPY,17533314,0.05400013,17534068,0.00100000,2025-07-16T06:15:29.207189Z
BITFLYER,FX_BTC_JPY,17533315,0.05703306,17534068,0.00100000,2025-07-16T06:15:29.316124Z
BITFLYER,BTC_JPY,17550439,0.20000000,17556193,0.02000000,2025-07-16T06:15:29.406926Z
BITFLYER,FX_BTC_JPY,17533315,0.05703306,17534068,0.00100000,2025-07-16T06:15:29.420509Z
BITFLYER,BTC_JPY,17550444,0.17000000,17556194,0.04120498,2025-07-16T06:15:29.542625Z
BITFLYER,FX_BTC_JPY,17533315,0.05703306,17534068,0.00100000,2025-07-16T06:15:29.600199Z
GMO,BTC_JPY,17528949,0.02000000,17532474,0.00300000,2025-07-16T06:15:29.608991Z
GMO,BTC,17555851,0.04210000,17561255,0.00990000,2025-07-16T06:15:29.609866Z
BITFLYER,BTC_JPY,17550444,0.17000000,17556192,0.06110801,2025-07-16T06:15:29.673480Z
BITFLYER,FX_BTC_JPY,17533315,0.05703306,17534068,0.00100000,2025-07-16T06:15:29.717277Z
BITFLYER,BTC_JPY,17550444,0.17000000,17556000,0.05380000,2025-07-16T06:15:30.111576Z
GMO,BTC_JPY,17527997,0.01000000,17532474,0.00300000,2025-07-16T06:15:30.111646Z
GMO,BTC,17555900,0.10000000,17561250,0.10000000,2025-07-16T06:15:30.111827Z
BITFLYER,FX_BTC_JPY,17533315,0.05703306,17534068,0.00100000,2025-07-16T06:15:30.111832Z
BITFLYER,BTC_JPY,17550444,0.17000000,17556000,0.05380000,2025-07-16T06:15:30.112018Z
BITFLYER,FX_BTC_JPY,17533315,0.05703306,17534068,0.00100000,2025-07-16T06:15:30.112100Z
BITFLYER,BTC_JPY,17550445,0.02000000,17555997,0.02000000,2025-07-16T06:15:30.112298Z
BITFLYER,FX_BTC_JPY,17533315,0.05703306,17534068,0.00100000,2025-07-16T06:15:30.194227Z
BITFLYER,BTC_JPY,17550445,0.02000000,17555997,0.02000000,2025-07-16T06:15:30.256898Z
BITFLYER,FX_BTC_JPY,17533315,0.05703306,17534068,0.00100000,2025-07-16T06:15:30.259639Z
BITFLYER,FX_BTC_JPY,17533315,0.05703306,17534068,0.00100000,2025-07-16T06:15:30.419402Z
BITFLYER,BTC_JPY,17550445,0.02000000,17555996,0.08076460,2025-07-16T06:15:30.420553Z
GMO,BTC_JPY,17527997,0.01000000,17532474,0.00300000,2025-07-16T06:15:30.493846Z
GMO,BTC,17555900,0.10000000,17561249,0.06806000,2025-07-16T06:15:30.501923Z
BITFLYER,BTC_JPY,17550446,0.18000000,17555994,0.02000000,2025-07-16T06:15:30.528998Z
BITFLYER,FX_BTC_JPY,17533315,0.05703306,17534068,0.00100000,2025-07-16T06:15:30.564296Z
BITFLYER,BTC_JPY,17550446,0.18000000,17555994,0.02000000,2025-07-16T06:15:30.633776Z
BITFLYER,FX_BTC_JPY,17533315,0.05703306,17534068,0.00100000,2025-07-16T06:15:30.701907Z
BITFLYER,BTC_JPY,17550446,0.18000000,17555994,0.02000000,2025-07-16T06:15:30.755361Z
BITFLYER,FX_BTC_JPY,17533315,0.05703306,17534068,0.00100000,2025-07-16T06:15:30.843665Z
BITFLYER,BTC_JPY,17550446,0.18000000,17555993,0.03974145,2025-07-16T06:15:30.860609Z
BITFLYER,FX_BTC_JPY,17533315,0.05703306,17534068,0.00100000,2025-07-16T06:15:30.995424Z
BITFLYER,BTC_JPY,17550447,0.02000000,17555991,0.02000000,2025-07-16T06:15:31.020530Z
BITFLYER,FX_BTC_JPY,17533315,0.05703306,17534068,0.00100000,2025-07-16T06:15:31.124139Z
GMO,BTC_JPY,17527997,0.01000000,17532432,0.01000000,2025-07-16T06:15:31.124156Z
BITFLYER,BTC_JPY,17550447,0.02000000,17555991,0.02000000,2025-07-16T06:15:31.131113Z
BITFLYER,BTC_JPY,17550447,0.02000000,17555993,0.02000000,2025-07-16T06:15:31.261173Z
BITFLYER,FX_BTC_JPY,17533340,0.07105480,17534068,0.00100000,2025-07-16T06:15:31.265220Z
BITFLYER,FX_BTC_JPY,17533340,0.07105480,17534068,0.00100000,2025-07-16T06:15:31.371757Z
BITFLYER,FX_BTC_JPY,17533340,0.07105480,17534068,0.00100000,2025-07-16T06:15:31.371857Z
BITFLYER,BTC_JPY,17550447,0.02000000,17555988,0.02000000,2025-07-16T06:15:31.372542Z
BITFLYER,FX_BTC_JPY,17533340,0.07105480,17534068,0.00100000,2025-07-16T06:15:31.469614Z
BITFLYER,BTC_JPY,17550447,0.02000000,17555988,0.02000000,2025-07-16T06:15:31.501548Z
BITFLYER,FX_BTC_JPY,17533341,0.05703301,17534068,0.00100000,2025-07-16T06:15:31.590204Z
GMO,BTC_JPY,17529812,0.02000000,17532431,0.00300000,2025-07-16T06:15:31.607796Z
GMO,BTC,17556001,0.01000000,17561248,0.00790000,2025-07-16T06:15:31.611510Z
BITFLYER,BTC_JPY,17550447,0.02000000,17555987,0.03994531,2025-07-16T06:15:31.632545Z
BITFLYER,FX_BTC_JPY,17533341,0.05703301,17534068,0.00100000,2025-07-16T06:15:31.742287Z
BITFLYER,BTC_JPY,17550447,0.02000000,17555985,0.02000000,2025-07-16T06:15:31.748130Z
BITFLYER,FX_BTC_JPY,17533341,0.05703301,17534068,0.00100000,2025-07-16T06:15:31.867796Z
BITFLYER,BTC_JPY,17550448,0.23000000,17555992,0.03994058,2025-07-16T06:15:31.881520Z
BITFLYER,BTC_JPY,17550448,0.22000000,17555984,0.02000000,2025-07-16T06:15:32.022511Z
BITFLYER,FX_BTC_JPY,17533341,0.05703301,17534068,0.00100000,2025-07-16T06:15:32.022647Z
BITFLYER,FX_BTC_JPY,17533341,0.05703301,17534068,0.00100000,2025-07-16T06:15:32.109384Z
GMO,BTC_JPY,17530020,0.02000000,17532431,0.00300000,2025-07-16T06:15:32.109443Z
BITFLYER,BTC_JPY,17550448,0.22000000,17555986,0.02000000,2025-07-16T06:15:32.118277Z
BITFLYER,FX_BTC_JPY,17533341,0.05703301,17534068,0.00100000,2025-07-16T06:15:32.211478Z
BITFLYER,BTC_JPY,17550448,0.22000000,17555983,0.04065947,2025-07-16T06:15:32.245489Z
BITFLYER,FX_BTC_JPY,17533341,0.05703301,17534068,0.00100000,2025-07-16T06:15:32.319423Z
BITFLYER,BTC_JPY,17550448,0.22000000,17555986,0.02000000,2025-07-16T06:15:32.406073Z
BITFLYER,FX_BTC_JPY,17533341,0.05703301,17534068,0.00100000,2025-07-16T06:15:32.450183Z
BITFLYER,BTC_JPY,17550448,0.22000000,17555985,0.06864165,2025-07-16T06:15:32.556977Z
BITFLYER,FX_BTC_JPY,17533341,0.05703301,17535257,0.04000000,2025-07-16T06:15:32.561164Z
GMO,BTC_JPY,17529812,0.02000000,17532431,0.00300000,2025-07-16T06:15:32.613249Z
GMO,BTC,17556050,0.10000000,17561247,0.00780000,2025-07-16T06:15:32.622037Z
BITFLYER,BTC_JPY,17550448,0.22000000,17555980,0.02000000,2025-07-16T06:15:32.652257Z
BITFLYER,FX_BTC_JPY,17533341,0.05703301,17535257,0.04000000,2025-07-16T06:15:32.674510Z
BITFLYER,BTC_JPY,17550448,0.22000000,17555980,0.02000000,2025-07-16T06:15:32.688669Z
BITFLYER,BTC_JPY,17550448,0.22000000,17555980,0.02000000,2025-07-16T06:15:32.800718Z
BITFLYER,FX_BTC_JPY,17533340,0.07105480,17534595,0.08703068,2025-07-16T06:15:32.811560Z
BITFLYER,FX_BTC_JPY,17533340,0.07105480,17534595,0.08703068,2025-07-16T06:15:32.913965Z
BITFLYER,BTC_JPY,17550448,0.22000000,17555983,0.02000000,2025-07-16T06:15:32.921100Z
BITFLYER,FX_BTC_JPY,17533340,0.07105480,17534595,0.08703068,2025-07-16T06:15:33.020770Z
BITFLYER,BTC_JPY,17550448,0.22000000,17555979,0.04071066,2025-07-16T06:15:33.104683Z
GMO,BTC_JPY,17528007,0.02000000,17532431,0.00300000,2025-07-16T06:15:33.117215Z
GMO,BTC,17556050,0.10000000,17561248,0.00790000,2025-07-16T06:15:33.123031Z
BITFLYER,FX_BTC_JPY,17533340,0.07105480,17534594,0.05000000,2025-07-16T06:15:33.129420Z
BITFLYER,BTC_JPY,17550448,0.22000000,17555982,0.03937987,2025-07-16T06:15:33.221035Z
BITFLYER,FX_BTC_JPY,17533340,0.07105480,17534594,0.05000000,2025-07-16T06:15:33.248861Z
BITFLYER,FX_BTC_JPY,17533340,0.07105480,17534594,0.05000000,2025-07-16T06:15:33.355054Z
BITFLYER,BTC_JPY,17550439,0.20000000,17555978,0.02832810,2025-07-16T06:15:33.355369Z
BITFLYER,FX_BTC_JPY,17533340,0.07105480,17534594,0.05000000,2025-07-16T06:15:33.458835Z
BITFLYER,BTC_JPY,17550439,0.20000000,17555976,0.02000000,2025-07-16T06:15:33.487385Z
BITFLYER,FX_BTC_JPY,17533340,0.06105480,17534594,0.05000000,2025-07-16T06:15:33.599362Z
BITFLYER,BTC_JPY,17550439,0.20000000,17555976,0.02000000,2025-07-16T06:15:33.612702Z
GMO,BTC_JPY,17527995,0.03100000,17532431,0.00300000,2025-07-16T06:15:33.623853Z
GMO,BTC,17556051,0.04210000,17561200,0.10000000,2025-07-16T06:15:33.642284Z
BITFLYER,FX_BTC_JPY,17532835,0.05435091,17534594,0.05000000,2025-07-16T06:15:33.698318Z
BITFLYER,BTC_JPY,17550439,0.20000000,17555975,0.02000000,2025-07-16T06:15:33.710824Z
BITFLYER,BTC_JPY,17550439,0.20000000,17555975,0.05965086,2025-07-16T06:15:33.833877Z
BITFLYER,FX_BTC_JPY,17529852,0.00100000,17534593,0.01894520,2025-07-16T06:15:33.847357Z
BITFLYER,FX_BTC_JPY,17532791,0.05333922,17534593,0.01894520,2025-07-16T06:15:33.954836Z
BITFLYER,BTC_JPY,17550440,0.02000000,17556000,0.05380000,2025-07-16T06:15:33.955117Z
BITFLYER,FX_BTC_JPY,17530764,0.06105480,17533337,0.08703068,2025-07-16T06:15:34.105998Z
BITFLYER,BTC_JPY,17550440,0.02000000,17555972,0.02000000,2025-07-16T06:15:34.113542Z
GMO,BTC,17556051,0.04210000,17561246,0.00110000,2025-07-16T06:15:34.144916Z
GMO,BTC_JPY,17528916,0.02000000,17532000,0.01000000,2025-07-16T06:15:34.154795Z
BITFLYER,FX_BTC_JPY,17529994,0.02100000,17533337,0.08703068,2025-07-16T06:15:34.208896Z
BITFLYER,BTC_JPY,17550439,0.20000000,17555972,0.02000000,2025-07-16T06:15:34.238589Z
BITFLYER,FX_BTC_JPY,17529994,0.02100000,17533337,0.08703068,2025-07-16T06:15:34.315956Z
BITFLYER,BTC_JPY,17550440,0.18000000,17555971,0.06879654,2025-07-16T06:15:34.389392Z
BITFLYER,FX_BTC_JPY,17530828,0.06105480,17533336,0.00100000,2025-07-16T06:15:34.470309Z
BITFLYER,BTC_JPY,17550440,0.18000000,17555969,0.02000000,2025-07-16T06:15:34.503877Z
BITFLYER,FX_BTC_JPY,17530828,0.06105480,17533336,0.00100000,2025-07-16T06:15:34.603796Z
BITFLYER,BTC_JPY,17550440,0.18000000,17555968,0.03944873,2025-07-16T06:15:34.695645Z
GMO,BTC,17556100,0.10000000,17561150,0.10000000,2025-07-16T06:15:34.695678Z
GMO,BTC_JPY,17527995,0.03100000,17532000,0.01000000,2025-07-16T06:15:34.696004Z
BITFLYER,FX_BTC_JPY,17530828,0.06105480,17533336,0.00100000,2025-07-16T06:15:34.718791Z
BITFLYER,BTC_JPY,17550440,0.18000000,17555968,0.03944873,2025-07-16T06:15:35.019065Z
BITFLYER,FX_BTC_JPY,17530828,0.06105480,17533336,0.00100000,2025-07-16T06:15:35.019418Z
BITFLYER,BTC_JPY,17550440,0.18000000,17555966,0.02000000,2025-07-16T06:15:35.019595Z
BITFLYER,BTC_JPY,17550440,0.18000000,17555967,0.02000000,2025-07-16T06:15:35.030320Z
BITFLYER,FX_BTC_JPY,17530828,0.06105480,17533336,0.00100000,2025-07-16T06:15:35.422092Z
BITFLYER,BTC_JPY,17550440,0.18000000,17555965,0.04008560,2025-07-16T06:15:35.422323Z
BITFLYER,FX_BTC_JPY,17532024,0.07296932,17533336,0.00100000,2025-07-16T06:15:35.422860Z
BITFLYER,BTC_JPY,17550440,0.18000000,17555963,0.02000000,2025-07-16T06:15:35.423012Z
BITFLYER,FX_BTC_JPY,17532577,0.06105480,17534587,0.03000000,2025-07-16T06:15:35.423438Z
BITFLYER,BTC_JPY,17550440,0.18000000,17555965,0.06841370,2025-07-16T06:15:35.433851Z
BITFLYER,FX_BTC_JPY,17532577,0.06105480,17534587,0.03000000,2025-07-16T06:15:35.503936Z
GMO,BTC_JPY,17528038,0.02000000,17532000,0.01000000,2025-07-16T06:15:35.599772Z
BITFLYER,BTC_JPY,17550440,0.18000000,17555962,0.05780972,2025-07-16T06:15:35.599803Z
GMO,BTC,17556101,0.04890000,17561149,0.06806000,2025-07-16T06:15:35.599989Z
BITFLYER,FX_BTC_JPY,17532577,0.06105480,17534587,0.03000000,2025-07-16T06:15:35.678022Z
GMO,BTC_JPY,17528509,0.02000000,17532000,0.01000000,2025-07-16T06:15:35.678569Z
GMO,BTC,17556101,0.04890000,17561148,0.02830000,2025-07-16T06:15:35.678779Z
BITFLYER,BTC_JPY,17550440,0.18000000,17555964,0.02832810,2025-07-16T06:15:35.728156Z
BITFLYER,FX_BTC_JPY,17532577,0.06105480,17534587,0.03000000,2025-07-16T06:15:35.728365Z
BITFLYER,FX_BTC_JPY,17532577,0.06105480,17534587,0.03000000,2025-07-16T06:15:35.858418Z
BITFLYER,BTC_JPY,17550440,0.18000000,17555961,0.02000000,2025-07-16T06:15:35.944030Z
BITFLYER,FX_BTC_JPY,17532577,0.06105480,17534587,0.03000000,2025-07-16T06:15:35.953536Z
BITFLYER,FX_BTC_JPY,17532577,0.06105480,17534587,0.03000000,2025-07-16T06:15:36.060562Z
BITFLYER,BTC_JPY,17550440,0.18000000,17555961,0.02000000,2025-07-16T06:15:36.066776Z
GMO,BTC_JPY,17528727,0.02000000,17533493,0.01000000,2025-07-16T06:15:36.150407Z
GMO,BTC,17556101,0.04890000,17561100,0.10000000,2025-07-16T06:15:36.155580Z
BITFLYER,FX_BTC_JPY,17532577,0.06105480,17534587,0.03000000,2025-07-16T06:15:36.181185Z
BITFLYER,BTC_JPY,17550440,0.18000000,17555960,0.06374245,2025-07-16T06:15:36.184487Z
BITFLYER,FX_BTC_JPY,17532577,0.06105480,17534591,0.08703068,2025-07-16T06:15:36.335931Z
BITFLYER,BTC_JPY,17550440,0.18000000,17555960,0.06374245,2025-07-16T06:15:36.336293Z
BITFLYER,FX_BTC_JPY,17532577,0.06105480,17534591,0.08703068,2025-07-16T06:15:36.428885Z
BITFLYER,BTC_JPY,17550440,0.18000000,17555958,0.02000000,2025-07-16T06:15:36.449110Z
BITFLYER,FX_BTC_JPY,17532577,0.06105480,17534591,0.08703068,2025-07-16T06:15:36.480300Z
BITFLYER,BTC_JPY,17550440,0.18000000,17555959,0.02832810,2025-07-16T06:15:36.576473Z
BITFLYER,FX_BTC_JPY,17532577,0.06105480,17534591,0.08703068,2025-07-16T06:15:36.585104Z
BITFLYER,FX_BTC_JPY,17532577,0.06105480,17534591,0.08703068,2025-07-16T06:15:36.689788Z
GMO,BTC_JPY,17527995,0.03100000,17533492,0.00300000,2025-07-16T06:15:36.690097Z
GMO,BTC,17556150,0.10000000,17561099,0.06806000,2025-07-16T06:15:36.690374Z
BITFLYER,BTC_JPY,17550440,0.18000000,17555957,0.08351167,2025-07-16T06:15:36.703395Z
BITFLYER,FX_BTC_JPY,17532577,0.06105480,17534591,0.08703068,2025-07-16T06:15:36.801247Z
BITFLYER,FX_BTC_JPY,17532578,0.05000000,17535257,0.04000000,2025-07-16T06:15:36.895428Z
BITFLYER,BTC_JPY,17550441,0.02000000,17556000,0.05380000,2025-07-16T06:15:36.923706Z
BITFLYER,FX_BTC_JPY,17532578,0.05000000,17534590,0.00100000,2025-07-16T06:15:36.999233Z
BITFLYER,BTC_JPY,17550441,0.02000000,17555956,0.03832810,2025-07-16T06:15:37.031300Z
BITFLYER,FX_BTC_JPY,17532658,0.00600000,17534590,0.00100000,2025-07-16T06:15:37.104076Z
BITFLYER,BTC_JPY,17550441,0.02000000,17555956,0.02000000,2025-07-16T06:15:37.149091Z
GMO,BTC_JPY,17530214,0.02000000,17532699,0.03000000,2025-07-16T06:15:37.167044Z
GMO,BTC,17556150,0.10000000,17561050,0.10000000,2025-07-16T06:15:37.183650Z
