exchange,symbol,best_bid,best_bid_volume,best_ask,best_ask_volume,timestamp
BITFLYER,FX_BTC_JPY,17585433,0.05000000,17585852,0.02733253,2025-07-16T07:00:00.019989Z
GMO,BTC_JPY,17581479,0.00300000,17584482,0.02000000,2025-07-16T07:00:00.353532Z
BITFLYER,FX_BTC_JPY,17585433,0.05000000,17585852,0.02733253,2025-07-16T07:00:00.353583Z
GMO,BTC,17600036,0.07992000,17606052,0.02900000,2025-07-16T07:00:00.353631Z
BITFLYER,FX_BTC_JPY,17585433,0.05000000,17585852,0.02733253,2025-07-16T07:00:00.353800Z
BITFLYER,BTC_JPY,17603035,0.03150585,17603168,0.03128097,2025-07-16T07:00:00.431681Z
BITFLYER,FX_BTC_JPY,17583987,0.00100000,17584345,0.07900000,2025-07-16T07:00:00.455811Z
BITFLYER,BTC_JPY,17603035,0.03150585,17603168,0.03128097,2025-07-16T07:00:00.543719Z
BITFLYER,FX_BTC_JPY,17583996,0.02000000,17584345,0.07900000,2025-07-16T07:00:00.567151Z
BITFLYER,BTC_JPY,17603034,0.02000000,17603168,0.03128097,2025-07-16T07:00:00.663410Z
BITFLYER,FX_BTC_JPY,17585058,0.02900000,17585850,0.07900000,2025-07-16T07:00:00.736055Z
BITFLYER,BTC_JPY,17603035,0.02954937,17603168,0.03128097,2025-07-16T07:00:00.815111Z
GMO,BTC_JPY,17581479,0.00300000,17584481,0.02000000,2025-07-16T07:00:00.816728Z
GMO,BTC,17600036,0.07992000,17606052,0.02900000,2025-07-16T07:00:00.816784Z
BITFLYER,FX_BTC_JPY,17583996,0.02000000,17584335,0.02733253,2025-07-16T07:00:00.847465Z
BITFLYER,BTC_JPY,17603034,0.02000000,17603168,0.03128097,2025-07-16T07:00:00.939899Z
BITFLYER,FX_BTC_JPY,17583996,0.02000000,17584335,0.02733253,2025-07-16T07:00:00.950739Z
BITFLYER,BTC_JPY,17603034,0.02000000,17603168,0.03128097,2025-07-16T07:00:01.061404Z
BITFLYER,FX_BTC_JPY,17583996,0.02000000,17584335,0.00333253,2025-07-16T07:00:01.100897Z
BITFLYER,FX_BTC_JPY,17583996,0.02000000,17584334,0.06900000,2025-07-16T07:00:01.218515Z
BITFLYER,BTC_JPY,17603034,0.02000000,17603168,0.03128097,2025-07-16T07:00:01.229898Z
GMO,BTC_JPY,17581480,0.01000000,17583518,0.02000000,2025-07-16T07:00:01.308633Z
GMO,BTC,17600037,0.03000000,17606052,0.02900000,2025-07-16T07:00:01.320965Z
BITFLYER,FX_BTC_JPY,17583996,0.02000000,17585843,0.06900000,2025-07-16T07:00:01.370592Z
BITFLYER,FX_BTC_JPY,17583996,0.02000000,17585238,0.05946351,2025-07-16T07:00:01.447365Z
BITFLYER,BTC_JPY,17603035,0.02692499,17603168,0.03128097,2025-07-16T07:00:01.493754Z
BITFLYER,FX_BTC_JPY,17583997,0.00100000,17585238,0.05946351,2025-07-16T07:00:01.569800Z
BITFLYER,BTC_JPY,17603035,0.02692499,17603168,0.03128097,2025-07-16T07:00:01.633127Z
BITFLYER,FX_BTC_JPY,17583997,0.00100000,17584433,0.06900000,2025-07-16T07:00:01.702131Z
BITFLYER,FX_BTC_JPY,17583869,0.03000000,17585238,0.05946351,2025-07-16T07:00:01.806089Z
BITFLYER,BTC_JPY,17603035,0.02692499,17603168,0.03128097,2025-07-16T07:00:01.812070Z
GMO,BTC_JPY,17581480,0.01000000,17584470,0.00500000,2025-07-16T07:00:01.824372Z
GMO,BTC,17600037,0.03000000,17606052,0.02900000,2025-07-16T07:00:01.831920Z
BITFLYER,FX_BTC_JPY,17583869,0.03000000,17583907,0.05833253,2025-07-16T07:00:01.926147Z
BITFLYER,BTC_JPY,17603034,0.02000000,17603168,0.03128097,2025-07-16T07:00:01.970052Z
BITFLYER,FX_BTC_JPY,17583869,0.03000000,17584085,0.00100000,2025-07-16T07:00:02.085837Z
BITFLYER,FX_BTC_JPY,17583869,0.03000000,17585237,0.05833253,2025-07-16T07:00:02.221692Z
BITFLYER,BTC_JPY,17603034,0.02000000,17603168,0.03128097,2025-07-16T07:00:02.232717Z
GMO,BTC_JPY,17581480,0.01000000,17583163,0.02000000,2025-07-16T07:00:02.340609Z
GMO,BTC,17600038,0.07992000,17606052,0.02900000,2025-07-16T07:00:02.346507Z
BITFLYER,FX_BTC_JPY,17583870,0.00100000,17585237,0.05833253,2025-07-16T07:00:02.356845Z
BITFLYER,BTC_JPY,17603034,0.02000000,17603168,0.03128097,2025-07-16T07:00:02.364179Z
BITFLYER,FX_BTC_JPY,17583870,0.00100000,17585237,0.05833253,2025-07-16T07:00:02.488340Z
BITFLYER,BTC_JPY,17603034,0.02000000,17603168,0.03128097,2025-07-16T07:00:02.571434Z
BITFLYER,BTC_JPY,17603034,0.02000000,17603168,0.03128097,2025-07-16T07:00:02.581633Z
BITFLYER,FX_BTC_JPY,17583870,0.00100000,17585237,0.05833253,2025-07-16T07:00:02.646267Z
BITFLYER,FX_BTC_JPY,17583870,0.00100000,17585237,0.05833253,2025-07-16T07:00:02.744699Z
BITFLYER,FX_BTC_JPY,17583870,0.00100000,17585237,0.05833253,2025-07-16T07:00:02.830369Z
BITFLYER,FX_BTC_JPY,17583869,0.03000000,17585237,0.05833253,2025-07-16T07:00:02.866979Z
GMO,BTC_JPY,17581480,0.01000000,17583163,0.02000000,2025-07-16T07:00:02.867033Z
GMO,BTC,17600038,0.07992000,17606052,0.02900000,2025-07-16T07:00:02.868166Z
BITFLYER,BTC_JPY,17603034,0.02000000,17603168,0.03128097,2025-07-16T07:00:02.887820Z
BITFLYER,FX_BTC_JPY,17583869,0.03000000,17585237,0.05833253,2025-07-16T07:00:02.976278Z
BITFLYER,FX_BTC_JPY,17583869,0.03000000,17585237,0.05833253,2025-07-16T07:00:03.080623Z
BITFLYER,FX_BTC_JPY,17583869,0.03000000,17585237,0.05833253,2025-07-16T07:00:03.316711Z
GMO,BTC,17600038,0.07992000,17606052,0.02900000,2025-07-16T07:00:03.375507Z
GMO,BTC_JPY,17581480,0.01000000,17585617,0.02000000,2025-07-16T07:00:03.375668Z
BITFLYER,FX_BTC_JPY,17583869,0.03000000,17585642,0.04700000,2025-07-16T07:00:03.417339Z
BITFLYER,FX_BTC_JPY,17584076,0.02166747,17585642,0.04700000,2025-07-16T07:00:03.527650Z
BITFLYER,FX_BTC_JPY,17583879,0.04800000,17585641,0.05000000,2025-07-16T07:00:03.624505Z
BITFLYER,BTC_JPY,17603035,0.02782489,17603168,0.03128097,2025-07-16T07:00:03.633277Z
GMO,BTC_JPY,17581480,0.01000000,17585617,0.02000000,2025-07-16T07:00:03.702037Z
GMO,BTC,17600038,0.07992000,17606052,0.02900000,2025-07-16T07:00:03.719092Z
BITFLYER,FX_BTC_JPY,17583879,0.04800000,17585642,0.04700000,2025-07-16T07:00:03.769294Z
BITFLYER,FX_BTC_JPY,17583879,0.04800000,17585642,0.04700000,2025-07-16T07:00:03.883398Z
GMO,BTC_JPY,17581481,0.00300000,17585196,0.02000000,2025-07-16T07:00:03.906172Z
BITFLYER,BTC_JPY,17603035,0.02782489,17603168,0.03128097,2025-07-16T07:00:03.947219Z
BITFLYER,FX_BTC_JPY,17583880,0.00100000,17585642,0.04700000,2025-07-16T07:00:04.007186Z
BITFLYER,BTC_JPY,17603035,0.02782489,17603168,0.03128097,2025-07-16T07:00:04.083146Z
BITFLYER,FX_BTC_JPY,17583880,0.00100000,17585642,0.04700000,2025-07-16T07:00:04.143334Z
GMO,BTC,17600039,0.03000000,17606052,0.02900000,2025-07-16T07:00:04.452889Z
BITFLYER,FX_BTC_JPY,17583880,0.00100000,17585642,0.04700000,2025-07-16T07:00:04.453Z
GMO,BTC_JPY,17581481,0.00300000,17584427,0.02000000,2025-07-16T07:00:04.453113Z
BITFLYER,FX_BTC_JPY,17583880,0.03100000,17585642,0.04700000,2025-07-16T07:00:04.453257Z
BITFLYER,FX_BTC_JPY,17583880,0.03100000,17585642,0.04700000,2025-07-16T07:00:04.516417Z
BITFLYER,BTC_JPY,17603034,0.02000000,17603168,0.03128097,2025-07-16T07:00:04.592413Z
BITFLYER,FX_BTC_JPY,17583880,0.03000000,17585642,0.04700000,2025-07-16T07:00:04.651859Z
BITFLYER,FX_BTC_JPY,17583880,0.03000000,17585642,0.04700000,2025-07-16T07:00:04.781271Z
BITFLYER,BTC_JPY,17603034,0.02000000,17603168,0.03128097,2025-07-16T07:00:04.871135Z
BITFLYER,FX_BTC_JPY,17583880,0.03000000,17585642,0.04700000,2025-07-16T07:00:04.887355Z
GMO,BTC_JPY,17581480,0.01000000,17584040,0.02000000,2025-07-16T07:00:04.913084Z
GMO,BTC,17600039,0.03000000,17606052,0.02900000,2025-07-16T07:00:04.966063Z
BITFLYER,FX_BTC_JPY,17583880,0.03000000,17585642,0.04700000,2025-07-16T07:00:04.992989Z
BITFLYER,BTC_JPY,17603034,0.02000000,17603168,0.03128097,2025-07-16T07:00:05.004720Z
BITFLYER,FX_BTC_JPY,17583880,0.03000000,17585642,0.04700000,2025-07-16T07:00:05.272167Z
BITFLYER,BTC_JPY,17603034,0.02000000,17603168,0.03128097,2025-07-16T07:00:05.272378Z
BITFLYER,FX_BTC_JPY,17583880,0.03000000,17585642,0.04700000,2025-07-16T07:00:05.295972Z
BITFLYER,BTC_JPY,17603035,0.02581725,17603168,0.03128097,2025-07-16T07:00:05.326151Z
BITFLYER,FX_BTC_JPY,17583881,0.00100000,17585642,0.04700000,2025-07-16T07:00:05.446529Z
GMO,BTC_JPY,17581480,0.01000000,17585597,0.02000000,2025-07-16T07:00:05.447907Z
GMO,BTC,17600040,0.07992000,17606052,0.02900000,2025-07-16T07:00:05.468060Z
BITFLYER,BTC_JPY,17603035,0.02581725,17603168,0.03128097,2025-07-16T07:00:05.473829Z
BITFLYER,FX_BTC_JPY,17583881,0.00100000,17585642,0.04700000,2025-07-16T07:00:05.506916Z
BITFLYER,FX_BTC_JPY,17583869,0.03000000,17585642,0.04700000,2025-07-16T07:00:05.632780Z
BITFLYER,BTC_JPY,17603034,0.02000000,17603168,0.03128097,2025-07-16T07:00:05.637242Z
BITFLYER,BTC_JPY,17603034,0.02000000,17603168,0.03128097,2025-07-16T07:00:05.751429Z
BITFLYER,FX_BTC_JPY,17583869,0.03000000,17585612,0.03000000,2025-07-16T07:00:05.770444Z
BITFLYER,FX_BTC_JPY,17583997,0.03000000,17585612,0.03000000,2025-07-16T07:00:05.883530Z
GMO,BTC_JPY,17581481,0.00300000,17583518,0.02000000,2025-07-16T07:00:05.955056Z
GMO,BTC,17600040,0.07992000,17606052,0.02896000,2025-07-16T07:00:05.978721Z
BITFLYER,BTC_JPY,17603035,0.02666336,17603168,0.03128097,2025-07-16T07:00:05.985889Z
BITFLYER,FX_BTC_JPY,17583997,0.03000000,17585612,0.03000000,2025-07-16T07:00:05.989050Z
BITFLYER,FX_BTC_JPY,17583997,0.03000000,17585479,0.03000000,2025-07-16T07:00:06.100832Z
BITFLYER,BTC_JPY,17603034,0.02000000,17603168,0.03128097,2025-07-16T07:00:06.127829Z
BITFLYER,FX_BTC_JPY,17583997,0.03000000,17585479,0.03000000,2025-07-16T07:00:06.202180Z
BITFLYER,BTC_JPY,17603034,0.02000000,17603168,0.03128097,2025-07-16T07:00:06.271273Z
BITFLYER,FX_BTC_JPY,17583997,0.03000000,17585479,0.03000000,2025-07-16T07:00:06.326306Z
BITFLYER,BTC_JPY,17603034,0.02000000,17603168,0.03128097,2025-07-16T07:00:06.369314Z
BITFLYER,FX_BTC_JPY,17583997,0.03000000,17585223,0.06102109,2025-07-16T07:00:06.448640Z
GMO,BTC_JPY,17581480,0.01000000,17583282,0.02000000,2025-07-16T07:00:06.462287Z
GMO,BTC,17600040,0.07992000,17606052,0.02896000,2025-07-16T07:00:06.489752Z
BITFLYER,BTC_JPY,17603034,0.02000000,17603168,0.03128097,2025-07-16T07:00:06.507218Z
BITFLYER,FX_BTC_JPY,17583997,0.03000000,17585223,0.06102109,2025-07-16T07:00:06.567328Z
BITFLYER,BTC_JPY,17603034,0.02000000,17603168,0.03128097,2025-07-16T07:00:06.651128Z
BITFLYER,FX_BTC_JPY,17583997,0.03000000,17585223,0.06102109,2025-07-16T07:00:06.690754Z
BITFLYER,BTC_JPY,17603035,0.02642785,17603168,0.03128097,2025-07-16T07:00:06.805905Z
BITFLYER,FX_BTC_JPY,17583997,0.03000000,17585223,0.06102109,2025-07-16T07:00:06.806038Z
BITFLYER,FX_BTC_JPY,17583869,0.03000000,17585223,0.06102109,2025-07-16T07:00:06.978898Z
GMO,BTC_JPY,17580001,0.03000000,17585576,0.01000000,2025-07-16T07:00:06.978932Z
GMO,BTC,17600041,0.03000000,17606052,0.02896000,2025-07-16T07:00:06.991794Z
BITFLYER,BTC_JPY,17603035,0.02642785,17603168,0.03128097,2025-07-16T07:00:07.046590Z
BITFLYER,FX_BTC_JPY,17583869,0.03000000,17585223,0.06102109,2025-07-16T07:00:07.069595Z
BITFLYER,FX_BTC_JPY,17583869,0.03000000,17585223,0.06102109,2025-07-16T07:00:07.229601Z
BITFLYER,FX_BTC_JPY,17583869,0.03000000,17585223,0.06102109,2025-07-16T07:00:07.289705Z
BITFLYER,FX_BTC_JPY,17583879,0.04700000,17585223,0.06102109,2025-07-16T07:00:07.396069Z
BITFLYER,BTC_JPY,17603035,0.02642785,17603168,0.03128097,2025-07-16T07:00:07.412343Z
GMO,BTC_JPY,17580615,0.02000000,17583841,0.02000000,2025-07-16T07:00:07.477119Z
GMO,BTC,17600042,0.07992000,17606052,0.02896000,2025-07-16T07:00:07.492584Z
BITFLYER,BTC_JPY,17603035,0.02642785,17603168,0.03128097,2025-07-16T07:00:07.564696Z
BITFLYER,FX_BTC_JPY,17583869,0.03000000,17585223,0.06102109,2025-07-16T07:00:07.564935Z
BITFLYER,FX_BTC_JPY,17582000,0.01000000,17585223,0.06102109,2025-07-16T07:00:07.660859Z
BITFLYER,FX_BTC_JPY,17582000,0.01000000,17584254,0.00111000,2025-07-16T07:00:07.768785Z
BITFLYER,FX_BTC_JPY,17582000,0.01000000,17584254,0.00111000,2025-07-16T07:00:07.832924Z
BITFLYER,BTC_JPY,17603035,0.02642785,17603168,0.03128097,2025-07-16T07:00:07.844267Z
BITFLYER,FX_BTC_JPY,17582000,0.01000000,17584254,0.00111000,2025-07-16T07:00:07.888717Z
BITFLYER,BTC_JPY,17603035,0.02642785,17603168,0.03128097,2025-07-16T07:00:07.962252Z
GMO,BTC_JPY,17580632,0.00500000,17582431,0.02000000,2025-07-16T07:00:07.972188Z
BITFLYER,FX_BTC_JPY,17582096,0.00600000,17583944,0.05833253,2025-07-16T07:00:07.994185Z
GMO,BTC,17600043,0.03000000,17606052,0.02896000,2025-07-16T07:00:08.012946Z
BITFLYER,FX_BTC_JPY,17582096,0.00600000,17583944,0.05833253,2025-07-16T07:00:08.100707Z
BITFLYER,BTC_JPY,17603035,0.02642785,17603168,0.03128097,2025-07-16T07:00:08.212063Z
BITFLYER,FX_BTC_JPY,17582096,0.00600000,17583944,0.05833253,2025-07-16T07:00:08.213718Z
BITFLYER,FX_BTC_JPY,17582096,0.00600000,17584254,0.00132000,2025-07-16T07:00:08.326378Z
GMO,BTC_JPY,17580001,0.01100000,17582430,0.02000000,2025-07-16T07:00:08.496163Z
BITFLYER,FX_BTC_JPY,17582097,0.00100000,17584254,0.00132000,2025-07-16T07:00:08.496333Z
GMO,BTC,17600044,0.07992000,17606052,0.02896000,2025-07-16T07:00:08.513302Z
BITFLYER,BTC_JPY,17603035,0.02642785,17603168,0.03128097,2025-07-16T07:00:08.525641Z
BITFLYER,FX_BTC_JPY,17582097,0.00100000,17584254,0.00132000,2025-07-16T07:00:08.601930Z
BITFLYER,BTC_JPY,17603035,0.02642785,17603168,0.03128097,2025-07-16T07:00:08.627303Z
BITFLYER,FX_BTC_JPY,17580000,0.18497393,17584089,0.03200000,2025-07-16T07:00:08.807848Z
GMO,BTC_JPY,17580001,0.01100000,17582430,0.02000000,2025-07-16T07:00:08.814197Z
BITFLYER,BTC_JPY,17603035,0.02642785,17603168,0.03128097,2025-07-16T07:00:08.823104Z
GMO,BTC,17600044,0.07992000,17606052,0.02896000,2025-07-16T07:00:08.826761Z
GMO,BTC_JPY,17580001,0.00100000,17580022,0.02000000,2025-07-16T07:00:08.995441Z
BITFLYER,FX_BTC_JPY,17579019,0.00100000,17581960,0.05919277,2025-07-16T07:00:08.995641Z
BITFLYER,BTC_JPY,17603035,0.02642785,17603168,0.03128097,2025-07-16T07:00:08.995717Z
BITFLYER,FX_BTC_JPY,17578891,0.00500000,17581960,0.05919277,2025-07-16T07:00:09.061286Z
BITFLYER,BTC_JPY,17603035,0.02642785,17603168,0.03128097,2025-07-16T07:00:09.141758Z
BITFLYER,FX_BTC_JPY,17580001,0.06511926,17581747,0.00132000,2025-07-16T07:00:09.155281Z
BITFLYER,FX_BTC_JPY,17579162,0.02166747,17581312,0.05833253,2025-07-16T07:00:09.261746Z
BITFLYER,BTC_JPY,17603035,0.02642785,17603168,0.03128097,2025-07-16T07:00:09.295745Z
BITFLYER,FX_BTC_JPY,17579162,0.02166747,17581312,0.05833253,2025-07-16T07:00:09.366250Z
BITFLYER,BTC_JPY,17603035,0.02642785,17603168,0.03128097,2025-07-16T07:00:09.443284Z
BITFLYER,FX_BTC_JPY,17579162,0.02166747,17581312,0.05833253,2025-07-16T07:00:09.476210Z
GMO,BTC_JPY,17576120,0.00100000,17582421,0.00200000,2025-07-16T07:00:09.489910Z
GMO,BTC,17600044,0.04992000,17606052,0.02896000,2025-07-16T07:00:09.509589Z
BITFLYER,BTC_JPY,17603035,0.02642785,17603168,0.03128097,2025-07-16T07:00:09.561635Z
BITFLYER,FX_BTC_JPY,17579647,0.03000000,17581312,0.05833253,2025-07-16T07:00:09.590899Z
BITFLYER,FX_BTC_JPY,17579162,0.02166747,17581312,0.05833253,2025-07-16T07:00:09.693982Z
BITFLYER,FX_BTC_JPY,17579162,0.02166747,17581747,0.00132000,2025-07-16T07:00:09.800734Z
BITFLYER,BTC_JPY,17603035,0.02642785,17603168,0.03128097,2025-07-16T07:00:09.811996Z
BITFLYER,FX_BTC_JPY,17579162,0.02166747,17581747,0.00132000,2025-07-16T07:00:09.903702Z
BITFLYER,BTC_JPY,17603035,0.02642785,17603168,0.03128097,2025-07-16T07:00:09.941837Z
GMO,BTC_JPY,17579105,0.00900000,17580628,0.01100000,2025-07-16T07:00:10.007439Z
GMO,BTC,17600044,0.04992000,17606052,0.02896000,2025-07-16T07:00:10.013962Z
BITFLYER,FX_BTC_JPY,17579162,0.02166747,17581747,0.00132000,2025-07-16T07:00:10.034796Z
BITFLYER,BTC_JPY,17603035,0.02642785,17603168,0.03128097,2025-07-16T07:00:10.067138Z
BITFLYER,FX_BTC_JPY,17579162,0.02166747,17581747,0.00132000,2025-07-16T07:00:10.164576Z
BITFLYER,BTC_JPY,17603035,0.02642785,17603168,0.03128097,2025-07-16T07:00:10.187640Z
BITFLYER,FX_BTC_JPY,17579162,0.02166747,17581747,0.00132000,2025-07-16T07:00:10.264445Z
BITFLYER,BTC_JPY,17603035,0.02642785,17603168,0.03128097,2025-07-16T07:00:10.355680Z
BITFLYER,FX_BTC_JPY,17579162,0.02166747,17581747,0.00132000,2025-07-16T07:00:10.378758Z
BITFLYER,BTC_JPY,17603035,0.02642785,17603168,0.03128097,2025-07-16T07:00:10.474432Z
BITFLYER,FX_BTC_JPY,17579162,0.02166747,17581927,0.01000000,2025-07-16T07:00:10.494757Z
GMO,BTC_JPY,17579105,0.00900000,17580628,0.01100000,2025-07-16T07:00:10.500351Z
GMO,BTC,17600044,0.04992000,17606052,0.02896000,2025-07-16T07:00:10.525897Z
BITFLYER,FX_BTC_JPY,17579162,0.02166747,17581927,0.01000000,2025-07-16T07:00:10.645680Z
BITFLYER,FX_BTC_JPY,17579162,0.02166747,17581844,0.00817000,2025-07-16T07:00:10.819362Z
BITFLYER,BTC_JPY,17603035,0.02642785,17603168,0.03128097,2025-07-16T07:00:10.899497Z
BITFLYER,FX_BTC_JPY,17579162,0.02166747,17581844,0.00817000,2025-07-16T07:00:10.918342Z
GMO,BTC_JPY,17579105,0.00900000,17580628,0.01100000,2025-07-16T07:00:11.007296Z
GMO,BTC,17600044,0.04992000,17606052,0.02896000,2025-07-16T07:00:11.025775Z
BITFLYER,FX_BTC_JPY,17579162,0.02166747,17581844,0.00817000,2025-07-16T07:00:11.025792Z
BITFLYER,BTC_JPY,17603035,0.02642785,17603168,0.03128097,2025-07-16T07:00:11.030941Z
BITFLYER,FX_BTC_JPY,17579169,0.05536862,17581844,0.00817000,2025-07-16T07:00:11.160460Z
BITFLYER,BTC_JPY,17603035,0.02642785,17603168,0.03128097,2025-07-16T07:00:11.194036Z
BITFLYER,FX_BTC_JPY,17579169,0.05536862,17581844,0.00817000,2025-07-16T07:00:11.267225Z
BITFLYER,BTC_JPY,17603035,0.02642785,17603168,0.03128097,2025-07-16T07:00:11.347103Z
BITFLYER,FX_BTC_JPY,17579169,0.05536862,17581844,0.00817000,2025-07-16T07:00:11.379715Z
BITFLYER,FX_BTC_JPY,17579169,0.05536862,17581844,0.00817000,2025-07-16T07:00:11.488279Z
BITFLYER,BTC_JPY,17603035,0.02642785,17603168,0.03128097,2025-07-16T07:00:11.508632Z
GMO,BTC_JPY,17579105,0.00900000,17580628,0.01100000,2025-07-16T07:00:11.509445Z
GMO,BTC,17600044,0.04992000,17606052,0.02896000,2025-07-16T07:00:11.532191Z
BITFLYER,FX_BTC_JPY,17579169,0.05536862,17581844,0.00817000,2025-07-16T07:00:11.608149Z
BITFLYER,FX_BTC_JPY,17579196,0.00117000,17581844,0.00817000,2025-07-16T07:00:11.744528Z
BITFLYER,BTC_JPY,17603035,0.02642785,17603168,0.03128097,2025-07-16T07:00:11.776305Z
BITFLYER,FX_BTC_JPY,17579196,0.00117000,17581844,0.00817000,2025-07-16T07:00:11.939616Z
GMO,BTC_JPY,17577518,0.02000000,17580628,0.01100000,2025-07-16T07:00:12.014836Z
GMO,BTC,17600044,0.04992000,17606052,0.02896000,2025-07-16T07:00:12.037378Z
BITFLYER,FX_BTC_JPY,17579196,0.00117000,17581844,0.00817000,2025-07-16T07:00:12.046175Z
BITFLYER,FX_BTC_JPY,17579196,0.00117000,17581844,0.00817000,2025-07-16T07:00:12.166933Z
BITFLYER,FX_BTC_JPY,17579196,0.00117000,17581844,0.00817000,2025-07-16T07:00:12.274425Z
BITFLYER,BTC_JPY,17603035,0.02642785,17603168,0.03128097,2025-07-16T07:00:12.347361Z
BITFLYER,FX_BTC_JPY,17579196,0.00117000,17581844,0.00817000,2025-07-16T07:00:12.409035Z
BITFLYER,BTC_JPY,17603035,0.02642785,17603168,0.03128097,2025-07-16T07:00:12.460353Z
BITFLYER,FX_BTC_JPY,17579196,0.00117000,17581844,0.00817000,2025-07-16T07:00:12.518226Z
GMO,BTC_JPY,17577692,0.00900000,17580613,0.01100000,2025-07-16T07:00:12.522217Z
GMO,BTC,17600044,0.04992000,17606052,0.02896000,2025-07-16T07:00:12.550446Z
BITFLYER,BTC_JPY,17600379,0.03071581,17603168,0.03128097,2025-07-16T07:00:12.583469Z
BITFLYER,FX_BTC_JPY,17579196,0.00117000,17581844,0.00817000,2025-07-16T07:00:12.683032Z
BITFLYER,BTC_JPY,17600379,0.03071581,17603168,0.03128097,2025-07-16T07:00:12.757885Z
BITFLYER,FX_BTC_JPY,17579196,0.00117000,17582001,0.06077235,2025-07-16T07:00:12.833519Z
BITFLYER,FX_BTC_JPY,17579196,0.00117000,17582001,0.06077235,2025-07-16T07:00:12.833627Z
BITFLYER,BTC_JPY,17600379,0.03071581,17603168,0.03128097,2025-07-16T07:00:12.870454Z
BITFLYER,FX_BTC_JPY,17579196,0.00117000,17582001,0.06077235,2025-07-16T07:00:12.924459Z
BITFLYER,BTC_JPY,17600379,0.03071581,17603168,0.03128097,2025-07-16T07:00:13.001121Z
GMO,BTC_JPY,17579105,0.00900000,17582856,0.02000000,2025-07-16T07:00:13.030404Z
GMO,BTC,17600044,0.04992000,17606052,0.02896000,2025-07-16T07:00:13.045238Z
BITFLYER,FX_BTC_JPY,17579162,0.02166747,17581916,0.00817000,2025-07-16T07:00:13.051422Z
BITFLYER,FX_BTC_JPY,17579162,0.02166747,17581916,0.00817000,2025-07-16T07:00:13.240682Z
BITFLYER,FX_BTC_JPY,17579162,0.02166747,17581916,0.00817000,2025-07-16T07:00:13.347472Z
BITFLYER,BTC_JPY,17600379,0.03071581,17603168,0.03128097,2025-07-16T07:00:13.391141Z
BITFLYER,FX_BTC_JPY,17579162,0.02166747,17581916,0.00817000,2025-07-16T07:00:13.445107Z
GMO,BTC_JPY,17579106,0.00300000,17582202,0.01100000,2025-07-16T07:00:13.527800Z
BITFLYER,BTC_JPY,17600379,0.03071581,17603168,0.03128097,2025-07-16T07:00:13.530707Z
GMO,BTC,17600044,0.04992000,17606051,0.02000000,2025-07-16T07:00:13.553146Z
BITFLYER,FX_BTC_JPY,17580054,0.03000000,17581916,0.00817000,2025-07-16T07:00:13.560612Z
BITFLYER,FX_BTC_JPY,17579169,0.05536862,17582005,0.00073437,2025-07-16T07:00:13.707428Z
BITFLYER,FX_BTC_JPY,17579169,0.05536862,17583953,0.00132000,2025-07-16T07:00:13.858493Z
BITFLYER,BTC_JPY,17600379,0.03071581,17603168,0.03128097,2025-07-16T07:00:13.890865Z
GMO,BTC_JPY,17579106,0.00300000,17582202,0.01100000,2025-07-16T07:00:13.907599Z
GMO,BTC,17600044,0.04992000,17606052,0.02896000,2025-07-16T07:00:13.928270Z
BITFLYER,FX_BTC_JPY,17579209,0.05050788,17582811,0.05192282,2025-07-16T07:00:13.948555Z
GMO,BTC_JPY,17579106,0.00300000,17581979,0.01100000,2025-07-16T07:00:14.032718Z
BITFLYER,FX_BTC_JPY,17579209,0.05050788,17581460,0.00114239,2025-07-16T07:00:14.070428Z
BITFLYER,FX_BTC_JPY,17579209,0.05050788,17581460,0.00114239,2025-07-16T07:00:14.190722Z
BITFLYER,FX_BTC_JPY,17579883,0.03000000,17581460,0.00114239,2025-07-16T07:00:14.288637Z
BITFLYER,FX_BTC_JPY,17579883,0.03000000,17581460,0.00114239,2025-07-16T07:00:14.445082Z
BITFLYER,BTC_JPY,17600379,0.03071581,17603168,0.03128097,2025-07-16T07:00:14.468158Z
BITFLYER,FX_BTC_JPY,17579883,0.03000000,17581460,0.00114239,2025-07-16T07:00:14.550797Z
GMO,BTC,17600044,0.04992000,17606052,0.02896000,2025-07-16T07:00:14.574319Z
BITFLYER,FX_BTC_JPY,17579883,0.03000000,17582157,0.00100000,2025-07-16T07:00:14.673221Z
BITFLYER,FX_BTC_JPY,17579883,0.03000000,17582157,0.00100000,2025-07-16T07:00:14.807973Z
BITFLYER,FX_BTC_JPY,17579883,0.03000000,17582157,0.00100000,2025-07-16T07:00:14.903698Z
BITFLYER,FX_BTC_JPY,17579825,0.03000000,17582157,0.00100000,2025-07-16T07:00:15.006642Z
GMO,BTC_JPY,17579390,0.02000000,17581965,0.01100000,2025-07-16T07:00:15.046871Z
GMO,BTC,17600044,0.04992000,17606052,0.02896000,2025-07-16T07:00:15.070515Z
BITFLYER,FX_BTC_JPY,17579825,0.03000000,17582157,0.00100000,2025-07-16T07:00:15.128736Z
BITFLYER,BTC_JPY,17600379,0.03071581,17603168,0.03128097,2025-07-16T07:00:15.133890Z
BITFLYER,FX_BTC_JPY,17582352,0.02066747,17584030,0.05000000,2025-07-16T07:00:15.230606Z
BITFLYER,BTC_JPY,17600379,0.03071581,17603168,0.03128097,2025-07-16T07:00:15.255414Z
BITFLYER,FX_BTC_JPY,17583156,0.00100000,17585580,0.05833253,2025-07-16T07:00:15.366671Z
BITFLYER,BTC_JPY,17600379,0.03071581,17603168,0.03128097,2025-07-16T07:00:15.377519Z
BITFLYER,FX_BTC_JPY,17580821,0.14886563,17585580,0.05833253,2025-07-16T07:00:15.488195Z
GMO,BTC_JPY,17580366,0.02000000,17582856,0.02000000,2025-07-16T07:00:15.540012Z
BITFLYER,BTC_JPY,17600379,0.03071581,17603168,0.03128097,2025-07-16T07:00:15.562844Z
GMO,BTC,17600044,0.04992000,17606052,0.02896000,2025-07-16T07:00:15.576664Z
BITFLYER,FX_BTC_JPY,17580821,0.08374637,17585580,0.05833253,2025-07-16T07:00:15.589294Z
BITFLYER,FX_BTC_JPY,17582556,0.02066747,17585579,0.00100000,2025-07-16T07:00:15.692394Z
BITFLYER,FX_BTC_JPY,17582556,0.02066747,17585579,0.00100000,2025-07-16T07:00:15.799468Z
BITFLYER,BTC_JPY,17600379,0.03071581,17603168,0.03128097,2025-07-16T07:00:15.849618Z
BITFLYER,FX_BTC_JPY,17580821,0.06307890,17585580,0.05833253,2025-07-16T07:00:15.901751Z
BITFLYER,BTC_JPY,17600379,0.03071581,17603168,0.03128097,2025-07-16T07:00:15.963590Z
BITFLYER,FX_BTC_JPY,17581458,0.03000000,17585580,0.05833253,2025-07-16T07:00:16.010184Z
GMO,BTC_JPY,17580634,0.00900000,17582856,0.02000000,2025-07-16T07:00:16.046349Z
GMO,BTC,17600044,0.04992000,17606052,0.02896000,2025-07-16T07:00:16.086285Z
BITFLYER,FX_BTC_JPY,17581458,0.03000000,17585580,0.05833253,2025-07-16T07:00:16.127972Z
BITFLYER,FX_BTC_JPY,17582684,0.02066747,17585580,0.05833253,2025-07-16T07:00:16.247079Z
BITFLYER,BTC_JPY,17600379,0.03071581,17603168,0.03128097,2025-07-16T07:00:16.247235Z
BITFLYER,FX_BTC_JPY,17582684,0.02066747,17584891,0.05036734,2025-07-16T07:00:16.359619Z
BITFLYER,BTC_JPY,17600379,0.03071581,17603168,0.03128097,2025-07-16T07:00:16.372428Z
BITFLYER,FX_BTC_JPY,17581459,0.06511926,17584891,0.05036734,2025-07-16T07:00:16.463352Z
BITFLYER,BTC_JPY,17600379,0.03071581,17603168,0.03128097,2025-07-16T07:00:16.512577Z
GMO,BTC_JPY,17581445,0.02000000,17582856,0.02000000,2025-07-16T07:00:16.563624Z
BITFLYER,FX_BTC_JPY,17581459,0.08578673,17584891,0.05036734,2025-07-16T07:00:16.570283Z
GMO,BTC,17600044,0.04992000,17606052,0.02896000,2025-07-16T07:00:16.573999Z
BITFLYER,BTC_JPY,17600379,0.03071581,17603168,0.03128097,2025-07-16T07:00:16.653716Z
BITFLYER,FX_BTC_JPY,17581666,0.03000000,17584891,0.05036734,2025-07-16T07:00:16.689864Z
BITFLYER,BTC_JPY,17600379,0.03071581,17603168,0.03128097,2025-07-16T07:00:16.783186Z
BITFLYER,FX_BTC_JPY,17581459,0.08578673,17585625,0.00725752,2025-07-16T07:00:16.806330Z
BITFLYER,FX_BTC_JPY,17581459,0.08578673,17585625,0.00362891,2025-07-16T07:00:16.909079Z
BITFLYER,BTC_JPY,17600379,0.03071581,17603168,0.03128097,2025-07-16T07:00:16.925673Z
BITFLYER,FX_BTC_JPY,17581459,0.06511926,17585675,0.00300000,2025-07-16T07:00:17.054121Z
BITFLYER,BTC_JPY,17600379,0.03071581,17603168,0.03128097,2025-07-16T07:00:17.054350Z
GMO,BTC_JPY,17581445,0.02000000,17582856,0.02000000,2025-07-16T07:00:17.060331Z
GMO,BTC,17600044,0.04992000,17606052,0.02896000,2025-07-16T07:00:17.082567Z
BITFLYER,FX_BTC_JPY,17583378,0.02066747,17585675,0.00300000,2025-07-16T07:00:17.128465Z
BITFLYER,BTC_JPY,17600379,0.03071581,17603168,0.03128097,2025-07-16T07:00:17.160422Z
BITFLYER,FX_BTC_JPY,17583378,0.02066747,17585675,0.00300000,2025-07-16T07:00:17.225562Z
BITFLYER,BTC_JPY,17600379,0.03071581,17603168,0.03128097,2025-07-16T07:00:17.283759Z
BITFLYER,FX_BTC_JPY,17583216,0.00100000,17585675,0.00300000,2025-07-16T07:00:17.390103Z
BITFLYER,BTC_JPY,17600379,0.03071581,17603168,0.03128097,2025-07-16T07:00:17.422362Z
BITFLYER,FX_BTC_JPY,17583216,0.00100000,17585674,0.00100000,2025-07-16T07:00:17.494301Z
GMO,BTC_JPY,17581800,0.00900000,17582856,0.02000000,2025-07-16T07:00:17.556577Z
BITFLYER,BTC_JPY,17600379,0.03071581,17603168,0.03128097,2025-07-16T07:00:17.566959Z
GMO,BTC,17600044,0.04992000,17606052,0.02896000,2025-07-16T07:00:17.583724Z
BITFLYER,BTC_JPY,17600379,0.03071581,17603168,0.03128097,2025-07-16T07:00:17.631098Z
BITFLYER,FX_BTC_JPY,17583450,0.02066747,17585674,0.00100000,2025-07-16T07:00:17.631231Z
BITFLYER,BTC_JPY,17600379,0.03071581,17603168,0.03128097,2025-07-16T07:00:17.711310Z
BITFLYER,FX_BTC_JPY,17583450,0.02066747,17585674,0.00100000,2025-07-16T07:00:17.726965Z
BITFLYER,FX_BTC_JPY,17583450,0.02066747,17585675,0.00300000,2025-07-16T07:00:17.880164Z
BITFLYER,FX_BTC_JPY,17583450,0.02066747,17585675,0.00300000,2025-07-16T07:00:17.880448Z
BITFLYER,BTC_JPY,17600379,0.03071581,17603168,0.03128097,2025-07-16T07:00:17.952832Z
BITFLYER,FX_BTC_JPY,17583770,0.03000000,17585675,0.00300000,2025-07-16T07:00:18.016361Z
GMO,BTC_JPY,17581918,0.00900000,17582856,0.02000000,2025-07-16T07:00:18.149240Z
BITFLYER,BTC_JPY,17600500,0.02000000,17603168,0.03128097,2025-07-16T07:00:18.149467Z
GMO,BTC,17600044,0.04992000,17606052,0.02896000,2025-07-16T07:00:18.149522Z
BITFLYER,FX_BTC_JPY,17583451,0.06511926,17586553,0.01500000,2025-07-16T07:00:18.149760Z
BITFLYER,FX_BTC_JPY,17583460,0.05200000,17586553,0.01500000,2025-07-16T07:00:18.213867Z
BITFLYER,BTC_JPY,17600500,0.02000000,17603168,0.03128097,2025-07-16T07:00:18.231042Z
BITFLYER,FX_BTC_JPY,17583460,0.05200000,17586553,0.01500000,2025-07-16T07:00:18.348786Z
BITFLYER,BTC_JPY,17600501,0.04034410,17603168,0.03128097,2025-07-16T07:00:18.380339Z
BITFLYER,FX_BTC_JPY,17583460,0.05200000,17586552,0.00100000,2025-07-16T07:00:18.457187Z
BITFLYER,BTC_JPY,17600501,0.17471379,17603168,0.03128097,2025-07-16T07:00:18.528719Z
GMO,BTC_JPY,17582883,0.00900000,17585476,0.11100000,2025-07-16T07:00:18.576246Z
BITFLYER,FX_BTC_JPY,17583460,0.05200000,17586552,0.00100000,2025-07-16T07:00:18.586258Z
GMO,BTC,17600044,0.04992000,17606052,0.02896000,2025-07-16T07:00:18.602593Z
BITFLYER,BTC_JPY,17600501,0.13436969,17603168,0.03128097,2025-07-16T07:00:18.645504Z
BITFLYER,FX_BTC_JPY,17583460,0.05200000,17586553,0.01500000,2025-07-16T07:00:18.688593Z
BITFLYER,BTC_JPY,17600501,0.13436969,17603168,0.03128097,2025-07-16T07:00:18.744352Z
BITFLYER,FX_BTC_JPY,17583569,0.03000000,17586553,0.01500000,2025-07-16T07:00:18.826381Z
BITFLYER,BTC_JPY,17600501,0.13436969,17603168,0.03128097,2025-07-16T07:00:18.913316Z
BITFLYER,FX_BTC_JPY,17583784,0.05130755,17586553,0.01500000,2025-07-16T07:00:18.931835Z
GMO,BTC_JPY,17582765,0.00900000,17585423,0.00100000,2025-07-16T07:00:18.977537Z
GMO,BTC,17600044,0.04992000,17606052,0.02896000,2025-07-16T07:00:18.989988Z
BITFLYER,FX_BTC_JPY,17583784,0.05130755,17586553,0.01500000,2025-07-16T07:00:19.046529Z
BITFLYER,BTC_JPY,17600502,0.04399741,17603168,0.03128097,2025-07-16T07:00:19.046609Z
BITFLYER,FX_BTC_JPY,17583784,0.05130755,17586553,0.01500000,2025-07-16T07:00:19.138821Z
BITFLYER,BTC_JPY,17600535,0.00965780,17603168,0.03128097,2025-07-16T07:00:19.173099Z
BITFLYER,FX_BTC_JPY,17584395,0.03000000,17586553,0.01500000,2025-07-16T07:00:19.260675Z
BITFLYER,BTC_JPY,17600535,0.00965780,17603168,0.01618097,2025-07-16T07:00:19.316459Z
BITFLYER,FX_BTC_JPY,17583784,0.05130755,17586553,0.01500000,2025-07-16T07:00:19.368736Z
BITFLYER,BTC_JPY,17600536,0.05053673,17603168,0.01618097,2025-07-16T07:00:19.444182Z
BITFLYER,FX_BTC_JPY,17583954,0.00117000,17586553,0.01500000,2025-07-16T07:00:19.521789Z
BITFLYER,BTC_JPY,17600536,0.05053673,17603171,0.56937000,2025-07-16T07:00:19.553673Z
GMO,BTC_JPY,17583446,0.00900000,17585470,0.00600000,2025-07-16T07:00:19.570547Z
BITFLYER,FX_BTC_JPY,17583954,0.00117000,17586553,0.01500000,2025-07-16T07:00:19.589448Z
GMO,BTC,17600044,0.04992000,17606052,0.02896000,2025-07-16T07:00:19.621319Z
BITFLYER,BTC_JPY,17600536,0.05053673,17603171,0.56937000,2025-07-16T07:00:19.684124Z
BITFLYER,FX_BTC_JPY,17583954,0.00117000,17586553,0.01500000,2025-07-16T07:00:19.693053Z
BITFLYER,FX_BTC_JPY,17584040,0.03000000,17586553,0.01500000,2025-07-16T07:00:19.797794Z
BITFLYER,BTC_JPY,17600536,0.05053673,17603171,0.56937000,2025-07-16T07:00:19.811175Z
BITFLYER,FX_BTC_JPY,17583954,0.00117000,17586553,0.01500000,2025-07-16T07:00:19.907328Z
BITFLYER,BTC_JPY,17600536,0.05053673,17603171,0.56937000,2025-07-16T07:00:19.948312Z
BITFLYER,FX_BTC_JPY,17583954,0.00117000,17586553,0.01500000,2025-07-16T07:00:20.024881Z
GMO,BTC_JPY,17583521,0.01900000,17585470,0.00600000,2025-07-16T07:00:20.073845Z
GMO,BTC,17600045,0.03000000,17606052,0.02896000,2025-07-16T07:00:20.128207Z
BITFLYER,BTC_JPY,17600501,0.13436969,17603171,0.56937000,2025-07-16T07:00:20.178983Z
BITFLYER,FX_BTC_JPY,17584144,0.03000000,17586553,0.01500000,2025-07-16T07:00:20.200351Z
BITFLYER,FX_BTC_JPY,17584144,0.03000000,17586553,0.01500000,2025-07-16T07:00:20.324577Z
BITFLYER,BTC_JPY,17600502,0.04711884,17603171,0.56937000,2025-07-16T07:00:20.327226Z
BITFLYER,FX_BTC_JPY,17584144,0.03000000,17586553,0.01500000,2025-07-16T07:00:20.418153Z
BITFLYER,BTC_JPY,17600517,0.00965780,17603171,0.56937000,2025-07-16T07:00:20.447146Z
BITFLYER,FX_BTC_JPY,17584277,0.03000000,17586553,0.01500000,2025-07-16T07:00:20.552518Z
BITFLYER,BTC_JPY,17600517,0.00965780,17603171,0.56937000,2025-07-16T07:00:20.566008Z
GMO,BTC_JPY,17579683,0.00100000,17585470,0.00600000,2025-07-16T07:00:20.577136Z
GMO,BTC,17600046,0.07992000,17606052,0.02896000,2025-07-16T07:00:20.632249Z
BITFLYER,BTC_JPY,17600517,0.00965780,17603171,0.56937000,2025-07-16T07:00:20.697722Z
BITFLYER,FX_BTC_JPY,17584277,0.03000000,17586553,0.01000000,2025-07-16T07:00:20.808466Z
BITFLYER,BTC_JPY,17600518,0.04676114,17603171,0.56937000,2025-07-16T07:00:20.819193Z
BITFLYER,FX_BTC_JPY,17584277,0.03000000,17586553,0.01000000,2025-07-16T07:00:20.908519Z
BITFLYER,FX_BTC_JPY,17584277,0.03000000,17586552,0.00100000,2025-07-16T07:00:21.011028Z
GMO,BTC_JPY,17583328,0.00900000,17585470,0.00600000,2025-07-16T07:00:21.083097Z
BITFLYER,BTC_JPY,17600518,0.04676114,17603171,0.56937000,2025-07-16T07:00:21.088262Z
GMO,BTC,17600046,0.07992000,17606052,0.02896000,2025-07-16T07:00:21.128027Z
BITFLYER,FX_BTC_JPY,17584413,0.03000000,17586553,0.01000000,2025-07-16T07:00:21.207308Z
BITFLYER,BTC_JPY,17600518,0.04676114,17603171,0.56937000,2025-07-16T07:00:21.221024Z
BITFLYER,FX_BTC_JPY,17584413,0.03000000,17586553,0.01000000,2025-07-16T07:00:21.295163Z
BITFLYER,BTC_JPY,17600518,0.04676114,17603171,0.56937000,2025-07-16T07:00:21.331139Z
BITFLYER,FX_BTC_JPY,17584413,0.03000000,17586553,0.01000000,2025-07-16T07:00:21.412273Z
BITFLYER,BTC_JPY,17600518,0.04676114,17603171,0.56937000,2025-07-16T07:00:21.429589Z
BITFLYER,FX_BTC_JPY,17584413,0.03000000,17586553,0.01000000,2025-07-16T07:00:21.552056Z
GMO,BTC_JPY,17583446,0.00900000,17585470,0.00600000,2025-07-16T07:00:21.587455Z
GMO,BTC,17600047,0.03000000,17606052,0.02896000,2025-07-16T07:00:21.682820Z
BITFLYER,FX_BTC_JPY,17584413,0.03000000,17586552,0.00100000,2025-07-16T07:00:21.682876Z
BITFLYER,BTC_JPY,17600518,0.04676114,17603171,0.56937000,2025-07-16T07:00:21.682968Z
BITFLYER,BTC_JPY,17600518,0.04676114,17603171,0.56937000,2025-07-16T07:00:21.773406Z
BITFLYER,FX_BTC_JPY,17584413,0.03000000,17587311,0.05133075,2025-07-16T07:00:21.815216Z
BITFLYER,BTC_JPY,17600532,0.04200000,17603171,0.56937000,2025-07-16T07:00:21.885830Z
BITFLYER,FX_BTC_JPY,17584413,0.03000000,17587311,0.05133075,2025-07-16T07:00:21.926829Z
BITFLYER,BTC_JPY,17600532,0.04200000,17603171,0.56937000,2025-07-16T07:00:22.022531Z
BITFLYER,FX_BTC_JPY,17584414,0.00100000,17587310,0.00100000,2025-07-16T07:00:22.040438Z
GMO,BTC_JPY,17583446,0.00900000,17585470,0.00600000,2025-07-16T07:00:22.091102Z
GMO,BTC,17600047,0.03000000,17606052,0.02896000,2025-07-16T07:00:22.142208Z
BITFLYER,FX_BTC_JPY,17584414,0.00100000,17587310,0.00100000,2025-07-16T07:00:22.142244Z
BITFLYER,BTC_JPY,17600533,0.04870312,17603171,0.56937000,2025-07-16T07:00:22.156361Z
BITFLYER,FX_BTC_JPY,17584414,0.00100000,17587310,0.00100000,2025-07-16T07:00:22.248945Z
BITFLYER,BTC_JPY,17600533,0.04870312,17603171,0.56937000,2025-07-16T07:00:22.258470Z
BITFLYER,BTC_JPY,17600533,0.04870312,17603171,0.56937000,2025-07-16T07:00:22.391395Z
BITFLYER,FX_BTC_JPY,17584414,0.00100000,17587310,0.00100000,2025-07-16T07:00:22.411740Z
BITFLYER,BTC_JPY,17600533,0.04870312,17603171,0.56937000,2025-07-16T07:00:22.494744Z
BITFLYER,FX_BTC_JPY,17584423,0.05400000,17587310,0.00100000,2025-07-16T07:00:22.567504Z
GMO,BTC_JPY,17583446,0.00900000,17585470,0.00600000,2025-07-16T07:00:22.678647Z
GMO,BTC,17600048,0.07992000,17606052,0.02896000,2025-07-16T07:00:22.678707Z
BITFLYER,BTC_JPY,17600533,0.04870312,17603171,0.00007000,2025-07-16T07:00:22.679475Z
BITFLYER,BTC_JPY,17600533,0.04870312,17603171,0.00007000,2025-07-16T07:00:22.679511Z
BITFLYER,FX_BTC_JPY,17585279,0.02066747,17588479,0.05000000,2025-07-16T07:00:22.680300Z
BITFLYER,BTC_JPY,17601300,0.23150000,17607588,0.01111440,2025-07-16T07:00:22.722975Z
BITFLYER,FX_BTC_JPY,17585279,0.02066747,17588479,0.05000000,2025-07-16T07:00:22.787110Z
BITFLYER,FX_BTC_JPY,17584718,0.03000000,17588478,0.15625363,2025-07-16T07:00:22.837441Z
BITFLYER,BTC_JPY,17601300,0.23150000,17609299,0.02000000,2025-07-16T07:00:22.848411Z
BITFLYER,FX_BTC_JPY,17584718,0.03000000,17588478,0.15625363,2025-07-16T07:00:22.908810Z
BITFLYER,BTC_JPY,17601300,0.23150000,17609299,0.02000000,2025-07-16T07:00:23.023174Z
BITFLYER,FX_BTC_JPY,17584718,0.03000000,17588478,0.15725363,2025-07-16T07:00:23.036453Z
GMO,BTC_JPY,17583577,0.00900000,17585470,0.00600000,2025-07-16T07:00:23.097018Z
BITFLYER,BTC_JPY,17601800,0.28830000,17608800,0.28830000,2025-07-16T07:00:23.114197Z
BITFLYER,FX_BTC_JPY,17584718,0.03000000,17588478,0.15725363,2025-07-16T07:00:23.155361Z
GMO,BTC,17600049,0.03000000,17606052,0.02896000,2025-07-16T07:00:23.155371Z
BITFLYER,BTC_JPY,17601800,0.28830000,17608800,0.28830000,2025-07-16T07:00:23.231875Z
BITFLYER,FX_BTC_JPY,17584718,0.03000000,17588478,0.15725363,2025-07-16T07:00:23.302489Z
BITFLYER,BTC_JPY,17601800,0.28830000,17608800,0.28830000,2025-07-16T07:00:23.405894Z
BITFLYER,FX_BTC_JPY,17584718,0.03000000,17588478,0.15725363,2025-07-16T07:00:23.411644Z
BITFLYER,FX_BTC_JPY,17584718,0.03000000,17588478,0.05933253,2025-07-16T07:00:23.524570Z
BITFLYER,BTC_JPY,17601801,0.08561227,17608800,0.28830000,2025-07-16T07:00:23.553854Z
GMO,BTC_JPY,17583577,0.00900000,17585470,0.00600000,2025-07-16T07:00:23.614731Z
BITFLYER,FX_BTC_JPY,17584718,0.03000000,17588478,0.05933253,2025-07-16T07:00:23.631495Z
GMO,BTC,17600050,0.07992000,17606052,0.02896000,2025-07-16T07:00:23.653775Z
BITFLYER,BTC_JPY,17601803,0.02000000,17608800,0.28830000,2025-07-16T07:00:23.711132Z
BITFLYER,FX_BTC_JPY,17584718,0.03000000,17588477,0.00100000,2025-07-16T07:00:23.746309Z
BITFLYER,BTC_JPY,17602400,0.23150000,17608799,0.02000000,2025-07-16T07:00:23.829378Z
BITFLYER,FX_BTC_JPY,17584718,0.03000000,17587929,0.05015475,2025-07-16T07:00:23.846602Z
BITFLYER,FX_BTC_JPY,17584532,0.03000000,17587929,0.05015475,2025-07-16T07:00:23.955084Z
BITFLYER,BTC_JPY,17602400,0.23150000,17608799,0.02000000,2025-07-16T07:00:23.967993Z
GMO,BTC_JPY,17583577,0.00900000,17585470,0.00600000,2025-07-16T07:00:24.056144Z
GMO,BTC,17600051,0.03000000,17606052,0.02896000,2025-07-16T07:00:24.085485Z
BITFLYER,BTC_JPY,17602401,0.06000000,17608799,0.02000000,2025-07-16T07:00:24.088228Z
BITFLYER,FX_BTC_JPY,17584200,0.05231284,17587928,0.00100000,2025-07-16T07:00:24.090754Z
BITFLYER,FX_BTC_JPY,17584200,0.05231284,17587928,0.00100000,2025-07-16T07:00:24.195539Z
BITFLYER,BTC_JPY,17602403,0.02000000,17608800,0.28830000,2025-07-16T07:00:24.244814Z
BITFLYER,FX_BTC_JPY,17585538,0.02066747,17587927,0.00100000,2025-07-16T07:00:24.337428Z
BITFLYER,BTC_JPY,17603300,0.28830000,17608800,0.28830000,2025-07-16T07:00:24.377208Z
BITFLYER,FX_BTC_JPY,17585538,0.02066747,17587927,0.00100000,2025-07-16T07:00:24.460807Z
BITFLYER,BTC_JPY,17603300,0.28830000,17608800,0.28830000,2025-07-16T07:00:24.483338Z
BITFLYER,FX_BTC_JPY,17584533,0.06307890,17587929,0.05015475,2025-07-16T07:00:24.567303Z
GMO,BTC_JPY,17583941,0.02000000,17585470,0.00600000,2025-07-16T07:00:24.607910Z
BITFLYER,BTC_JPY,17603300,0.28830000,17608800,0.28830000,2025-07-16T07:00:24.612926Z
GMO,BTC,17600051,0.03000000,17606052,0.02896000,2025-07-16T07:00:24.666561Z
BITFLYER,FX_BTC_JPY,17584533,0.06307890,17587929,0.05015475,2025-07-16T07:00:24.693993Z
BITFLYER,BTC_JPY,17603400,0.23150000,17608799,0.02000000,2025-07-16T07:00:24.763140Z
BITFLYER,FX_BTC_JPY,17584533,0.06307890,17587929,0.05015475,2025-07-16T07:00:24.807294Z
BITFLYER,BTC_JPY,17603400,0.23150000,17608799,0.02000000,2025-07-16T07:00:24.887519Z
BITFLYER,FX_BTC_JPY,17584758,0.03000000,17587929,0.05015475,2025-07-16T07:00:24.901548Z
BITFLYER,BTC_JPY,17603401,0.07015116,17608800,0.28830000,2025-07-16T07:00:25.013289Z
BITFLYER,FX_BTC_JPY,17584758,0.03000000,17587895,0.01000000,2025-07-16T07:00:25.082942Z
GMO,BTC_JPY,17583941,0.02000000,17585470,0.00600000,2025-07-16T07:00:25.112262Z
BITFLYER,BTC_JPY,17603434,0.00965620,17608800,0.28830000,2025-07-16T07:00:25.124986Z
GMO,BTC,17600052,0.07992000,17606052,0.02896000,2025-07-16T07:00:25.169867Z
BITFLYER,FX_BTC_JPY,17584533,0.06307890,17587895,0.01000000,2025-07-16T07:00:25.220846Z
BITFLYER,BTC_JPY,17603434,0.00965620,17608800,0.28830000,2025-07-16T07:00:25.287502Z
BITFLYER,FX_BTC_JPY,17584533,0.06307890,17587895,0.01000000,2025-07-16T07:00:25.336986Z
BITFLYER,BTC_JPY,17603435,0.03007195,17608800,0.28830000,2025-07-16T07:00:25.402348Z
BITFLYER,FX_BTC_JPY,17584533,0.06307890,17587895,0.01000000,2025-07-16T07:00:25.481409Z
BITFLYER,BTC_JPY,17603435,0.03007195,17608800,0.28830000,2025-07-16T07:00:25.506735Z
BITFLYER,FX_BTC_JPY,17584994,0.03000000,17587895,0.01000000,2025-07-16T07:00:25.606539Z
GMO,BTC_JPY,17583944,0.01900000,17587060,0.00100000,2025-07-16T07:00:25.613848Z
BITFLYER,BTC_JPY,17603435,0.03007195,17608799,0.02000000,2025-07-16T07:00:25.646167Z
GMO,BTC,17600052,0.07992000,17606052,0.02896000,2025-07-16T07:00:25.671620Z
BITFLYER,FX_BTC_JPY,17584994,0.03000000,17587895,0.01000000,2025-07-16T07:00:25.693564Z
BITFLYER,BTC_JPY,17603436,0.09901155,17608799,0.02000000,2025-07-16T07:00:25.772704Z
BITFLYER,FX_BTC_JPY,17584994,0.03000000,17587895,0.01000000,2025-07-16T07:00:25.806006Z
BITFLYER,FX_BTC_JPY,17584994,0.03000000,17587895,0.01000000,2025-07-16T07:00:25.902839Z
BITFLYER,BTC_JPY,17603438,0.02000000,17608799,0.02000000,2025-07-16T07:00:25.903052Z
BITFLYER,FX_BTC_JPY,17584533,0.06307890,17587895,0.01000000,2025-07-16T07:00:26.007372Z
BITFLYER,BTC_JPY,17603438,0.02000000,17608800,0.28830000,2025-07-16T07:00:26.008083Z
BITFLYER,FX_BTC_JPY,17584533,0.06307890,17587929,0.05015475,2025-07-16T07:00:26.108581Z
GMO,BTC_JPY,17583992,0.00900000,17586200,0.01100000,2025-07-16T07:00:26.120023Z
BITFLYER,BTC_JPY,17603437,0.09901155,17608800,0.28830000,2025-07-16T07:00:26.133180Z
GMO,BTC,17600053,0.03000000,17606052,0.02896000,2025-07-16T07:00:26.187516Z
BITFLYER,FX_BTC_JPY,17584533,0.05307890,17587929,0.05015475,2025-07-16T07:00:26.224659Z
BITFLYER,BTC_JPY,17603441,0.02000000,17608800,0.28830000,2025-07-16T07:00:26.301588Z
BITFLYER,FX_BTC_JPY,17584533,0.05307890,17587890,0.00132000,2025-07-16T07:00:26.336156Z
BITFLYER,FX_BTC_JPY,17584533,0.05307890,17587890,0.00132000,2025-07-16T07:00:26.448777Z
BITFLYER,BTC_JPY,17603471,0.00965620,17608800,0.28830000,2025-07-16T07:00:26.449194Z
BITFLYER,BTC_JPY,17603471,0.00965620,17608800,0.28830000,2025-07-16T07:00:26.570406Z
BITFLYER,FX_BTC_JPY,17584821,0.05040035,17587890,0.00132000,2025-07-16T07:00:26.593361Z
GMO,BTC_JPY,17583945,0.01000000,17585963,0.01100000,2025-07-16T07:00:26.634362Z
GMO,BTC,17600054,0.04992000,17606052,0.02896000,2025-07-16T07:00:26.683276Z
BITFLYER,BTC_JPY,17603471,0.00965620,17609300,0.28830000,2025-07-16T07:00:26.712071Z
BITFLYER,FX_BTC_JPY,17584821,0.05040035,17587890,0.00132000,2025-07-16T07:00:26.732462Z
BITFLYER,FX_BTC_JPY,17584933,0.01000000,17587890,0.00132000,2025-07-16T07:00:26.833438Z
BITFLYER,BTC_JPY,17603472,0.02811529,17609300,0.28830000,2025-07-16T07:00:26.867847Z
BITFLYER,FX_BTC_JPY,17585553,0.00117000,17587890,0.00132000,2025-07-16T07:00:26.938366Z
BITFLYER,BTC_JPY,17603472,0.08811529,17609300,0.28830000,2025-07-16T07:00:26.984793Z
BITFLYER,FX_BTC_JPY,17585575,0.03000000,17587631,0.05933253,2025-07-16T07:00:27.062272Z
BITFLYER,BTC_JPY,17603472,0.12712684,17609300,0.28830000,2025-07-16T07:00:27.104483Z
GMO,BTC_JPY,17584454,0.00900000,17585963,0.01100000,2025-07-16T07:00:27.137633Z
GMO,BTC,17600054,0.07992000,17606052,0.02896000,2025-07-16T07:00:27.206144Z
BITFLYER,FX_BTC_JPY,17585575,0.03000000,17587631,0.05833253,2025-07-16T07:00:27.271782Z
BITFLYER,BTC_JPY,17603472,0.12712684,17609300,0.28830000,2025-07-16T07:00:27.271937Z
BITFLYER,FX_BTC_JPY,17585575,0.03000000,17587631,0.05833253,2025-07-16T07:00:27.344350Z
BITFLYER,BTC_JPY,17603475,0.02000000,17609300,0.28830000,2025-07-16T07:00:27.363341Z
BITFLYER,BTC_JPY,17603475,0.02000000,17609300,0.28830000,2025-07-16T07:00:27.477201Z
BITFLYER,FX_BTC_JPY,17585575,0.03000000,17587631,0.05833253,2025-07-16T07:00:27.508672Z
BITFLYER,BTC_JPY,17603506,0.00965620,17609299,0.02000000,2025-07-16T07:00:27.612230Z
BITFLYER,FX_BTC_JPY,17585575,0.03000000,17587631,0.05833253,2025-07-16T07:00:27.625095Z
BITFLYER,BTC_JPY,17603506,0.00965620,17609299,0.02000000,2025-07-16T07:00:27.630684Z
GMO,BTC_JPY,17584573,0.00900000,17587611,0.00100000,2025-07-16T07:00:27.651768Z
GMO,BTC,17600055,0.03000000,17606052,0.02896000,2025-07-16T07:00:27.690168Z
BITFLYER,FX_BTC_JPY,17585553,0.00117000,17587631,0.05833253,2025-07-16T07:00:27.732266Z
BITFLYER,BTC_JPY,17603506,0.00965620,17609299,0.02000000,2025-07-16T07:00:27.740618Z
BITFLYER,FX_BTC_JPY,17585553,0.00117000,17587631,0.05833253,2025-07-16T07:00:27.857394Z
BITFLYER,FX_BTC_JPY,17585553,0.00117000,17587631,0.05833253,2025-07-16T07:00:27.865034Z
BITFLYER,BTC_JPY,17603507,0.02846595,17609299,0.02000000,2025-07-16T07:00:27.897476Z
BITFLYER,FX_BTC_JPY,17585553,0.00117000,17587631,0.05833253,2025-07-16T07:00:27.970215Z
BITFLYER,BTC_JPY,17603507,0.02846595,17609299,0.02000000,2025-07-16T07:00:28.006325Z
BITFLYER,FX_BTC_JPY,17585553,0.00117000,17587631,0.05833253,2025-07-16T07:00:28.070318Z
BITFLYER,BTC_JPY,17603508,0.03901155,17609299,0.02000000,2025-07-16T07:00:28.141451Z
GMO,BTC_JPY,17583946,0.00100000,17585963,0.01100000,2025-07-16T07:00:28.146908Z
BITFLYER,FX_BTC_JPY,17584821,0.05040035,17587631,0.05833253,2025-07-16T07:00:28.193316Z
GMO,BTC,17600055,0.03000000,17606052,0.02896000,2025-07-16T07:00:28.199557Z
BITFLYER,BTC_JPY,17603508,0.09901155,17609299,0.02000000,2025-07-16T07:00:28.278767Z
BITFLYER,FX_BTC_JPY,17584821,0.05040035,17587631,0.05833253,2025-07-16T07:00:28.334266Z
BITFLYER,BTC_JPY,17603510,0.02000000,17609299,0.02000000,2025-07-16T07:00:28.413154Z
BITFLYER,FX_BTC_JPY,17585456,0.03000000,17587631,0.05833253,2025-07-16T07:00:28.466563Z
BITFLYER,BTC_JPY,17603509,0.08883132,17609299,0.02000000,2025-07-16T07:00:28.531004Z
BITFLYER,FX_BTC_JPY,17585456,0.03000000,17587631,0.05833253,2025-07-16T07:00:28.574970Z
GMO,BTC_JPY,17584336,0.00900000,17585845,0.01100000,2025-07-16T07:00:28.659347Z
BITFLYER,BTC_JPY,17603511,0.04688648,17609299,0.02000000,2025-07-16T07:00:28.668623Z
BITFLYER,FX_BTC_JPY,17585456,0.03000000,17587631,0.05833253,2025-07-16T07:00:28.690967Z
GMO,BTC,17600056,0.07992000,17606052,0.02896000,2025-07-16T07:00:28.705591Z
BITFLYER,FX_BTC_JPY,17585456,0.03000000,17587631,0.05833253,2025-07-16T07:00:28.806616Z
BITFLYER,BTC_JPY,17603511,0.03901155,17609299,0.02000000,2025-07-16T07:00:28.826247Z
BITFLYER,FX_BTC_JPY,17585456,0.03000000,17587631,0.05833253,2025-07-16T07:00:28.988266Z
BITFLYER,BTC_JPY,17603524,0.00965610,17609299,0.02000000,2025-07-16T07:00:28.990381Z
BITFLYER,FX_BTC_JPY,17585456,0.03000000,17587631,0.05833253,2025-07-16T07:00:29.066036Z
BITFLYER,BTC_JPY,17603524,0.00965610,17609299,0.02000000,2025-07-16T07:00:29.141721Z
GMO,BTC_JPY,17584454,0.00900000,17586625,0.00100000,2025-07-16T07:00:29.172390Z
GMO,BTC,17600056,0.07992000,17606052,0.02896000,2025-07-16T07:00:29.172510Z
BITFLYER,FX_BTC_JPY,17585456,0.03000000,17587631,0.05833253,2025-07-16T07:00:29.179603Z
GMO,BTC,17600056,0.07992000,17606052,0.02896000,2025-07-16T07:00:29.222189Z
BITFLYER,FX_BTC_JPY,17585456,0.03000000,17587631,0.05833253,2025-07-16T07:00:29.288423Z
BITFLYER,BTC_JPY,17603525,0.12784230,17609299,0.02000000,2025-07-16T07:00:29.290178Z
BITFLYER,FX_BTC_JPY,17584604,0.05112873,17587630,0.10692110,2025-07-16T07:00:29.406695Z
BITFLYER,BTC_JPY,17603525,0.12784230,17609299,0.02000000,2025-07-16T07:00:29.417462Z
BITFLYER,BTC_JPY,17603526,0.11901155,17609299,0.02000000,2025-07-16T07:00:29.523131Z
BITFLYER,FX_BTC_JPY,17584604,0.05112873,17587630,0.08792110,2025-07-16T07:00:29.545938Z
GMO,BTC_JPY,17583945,0.01000000,17587611,0.00100000,2025-07-16T07:00:29.662066Z
BITFLYER,FX_BTC_JPY,17584604,0.05112873,17587629,0.00100000,2025-07-16T07:00:29.662271Z
BITFLYER,BTC_JPY,17603526,0.11901155,17609300,0.28830000,2025-07-16T07:00:29.663855Z
GMO,BTC,17600057,0.03000000,17606052,0.02896000,2025-07-16T07:00:29.724454Z
BITFLYER,FX_BTC_JPY,17584604,0.05112873,17587598,0.00132000,2025-07-16T07:00:29.747358Z
BITFLYER,BTC_JPY,17603528,0.02000000,17609300,0.28830000,2025-07-16T07:00:29.816255Z
BITFLYER,FX_BTC_JPY,17584629,0.03000000,17587455,0.03000000,2025-07-16T07:00:29.848561Z
BITFLYER,FX_BTC_JPY,17584629,0.03000000,17587455,0.03000000,2025-07-16T07:00:29.947330Z
BITFLYER,BTC_JPY,17603527,0.09901155,17609300,0.28830000,2025-07-16T07:00:29.947557Z
BITFLYER,BTC_JPY,17603568,0.01000000,17609300,0.28830000,2025-07-16T07:00:30.067418Z
BITFLYER,FX_BTC_JPY,17584629,0.03000000,17587455,0.03000000,2025-07-16T07:00:30.112186Z
GMO,BTC_JPY,17583945,0.01000000,17585135,0.01100000,2025-07-16T07:00:30.167445Z
GMO,BTC,17600057,0.03000000,17606052,0.02896000,2025-07-16T07:00:30.216415Z
BITFLYER,FX_BTC_JPY,17584630,0.00100000,17587455,0.03000000,2025-07-16T07:00:30.253323Z
BITFLYER,BTC_JPY,17603568,0.01000000,17609300,0.28830000,2025-07-16T07:00:30.261328Z
BITFLYER,FX_BTC_JPY,17584630,0.00100000,17587455,0.03000000,2025-07-16T07:00:30.372608Z
BITFLYER,BTC_JPY,17603568,0.01000000,17609300,0.28830000,2025-07-16T07:00:30.409318Z
BITFLYER,FX_BTC_JPY,17584630,0.00100000,17587455,0.03000000,2025-07-16T07:00:30.488650Z
BITFLYER,BTC_JPY,17603568,0.01000000,17609300,0.28830000,2025-07-16T07:00:30.550603Z
BITFLYER,FX_BTC_JPY,17584630,0.00100000,17587455,0.03000000,2025-07-16T07:00:30.610315Z
GMO,BTC_JPY,17583945,0.01000000,17585135,0.01100000,2025-07-16T07:00:30.660132Z
BITFLYER,BTC_JPY,17603569,0.03901155,17609300,0.28830000,2025-07-16T07:00:30.679895Z
GMO,BTC,17600058,0.07992000,17606052,0.02896000,2025-07-16T07:00:30.735087Z
BITFLYER,FX_BTC_JPY,17584136,0.00117000,17587455,0.03000000,2025-07-16T07:00:30.752509Z
BITFLYER,BTC_JPY,17603571,0.02000000,17609299,0.02000000,2025-07-16T07:00:30.807194Z
BITFLYER,FX_BTC_JPY,17584136,0.00117000,17587455,0.03000000,2025-07-16T07:00:30.922555Z
BITFLYER,BTC_JPY,17603570,0.06000000,17609299,0.02000000,2025-07-16T07:00:30.989863Z
BITFLYER,FX_BTC_JPY,17584862,0.03000000,17587629,0.00100000,2025-07-16T07:00:31.067618Z
BITFLYER,BTC_JPY,17603572,0.09901155,17609299,0.02000000,2025-07-16T07:00:31.090979Z
GMO,BTC_JPY,17583945,0.01000000,17585135,0.01100000,2025-07-16T07:00:31.164980Z
BITFLYER,FX_BTC_JPY,17584104,0.02785963,17587416,0.01000000,2025-07-16T07:00:31.218255Z
GMO,BTC,17600058,0.07992000,17606052,0.02896000,2025-07-16T07:00:31.240619Z
BITFLYER,BTC_JPY,17603572,0.02000000,17609299,0.02000000,2025-07-16T07:00:31.241848Z
BITFLYER,BTC_JPY,17603571,0.09901155,17609299,0.02000000,2025-07-16T07:00:31.380390Z
BITFLYER,FX_BTC_JPY,17584455,0.00200000,17587416,0.01000000,2025-07-16T07:00:31.380653Z
BITFLYER,BTC_JPY,17603746,0.02000000,17609299,0.02000000,2025-07-16T07:00:31.509552Z
BITFLYER,FX_BTC_JPY,17584455,0.00200000,17587416,0.01000000,2025-07-16T07:00:31.554429Z
BITFLYER,BTC_JPY,17603746,0.02000000,17609299,0.02000000,2025-07-16T07:00:31.621256Z
GMO,BTC_JPY,17583945,0.01000000,17587600,0.00100000,2025-07-16T07:00:31.728127Z
BITFLYER,FX_BTC_JPY,17584604,0.00100000,17587416,0.01000000,2025-07-16T07:00:31.733849Z
BITFLYER,BTC_JPY,17603746,0.02000000,17609299,0.02000000,2025-07-16T07:00:31.803001Z
GMO,BTC,17600059,0.03000000,17606052,0.02896000,2025-07-16T07:00:31.825863Z
BITFLYER,FX_BTC_JPY,17584604,0.00100000,17587416,0.01000000,2025-07-16T07:00:31.847600Z
BITFLYER,BTC_JPY,17603749,0.02000000,17609299,0.02000000,2025-07-16T07:00:31.895159Z
BITFLYER,FX_BTC_JPY,17584604,0.00100000,17587416,0.01000000,2025-07-16T07:00:31.895294Z
BITFLYER,FX_BTC_JPY,17584604,0.00100000,17587416,0.01000000,2025-07-16T07:00:32.007492Z
BITFLYER,BTC_JPY,17603749,0.02000000,17609299,0.02000000,2025-07-16T07:00:32.026241Z
BITFLYER,FX_BTC_JPY,17584604,0.00100000,17587629,0.00100000,2025-07-16T07:00:32.098269Z
BITFLYER,BTC_JPY,17603749,0.02000000,17609299,0.02000000,2025-07-16T07:00:32.131815Z
GMO,BTC_JPY,17580708,0.00100000,17584951,0.00100000,2025-07-16T07:00:32.186132Z
BITFLYER,FX_BTC_JPY,17584604,0.00100000,17587415,0.00100000,2025-07-16T07:00:32.217721Z
GMO,BTC,17600059,0.03000000,17606052,0.02896000,2025-07-16T07:00:32.250450Z
BITFLYER,BTC_JPY,17603750,0.06000000,17609299,0.02000000,2025-07-16T07:00:32.270770Z
BITFLYER,FX_BTC_JPY,17584604,0.00100000,17585657,0.00100000,2025-07-16T07:00:32.379100Z
BITFLYER,BTC_JPY,17603752,0.02000000,17609299,0.02000000,2025-07-16T07:00:32.436912Z
BITFLYER,FX_BTC_JPY,17584604,0.00100000,17585657,0.00100000,2025-07-16T07:00:32.485760Z
BITFLYER,BTC_JPY,17603752,0.02000000,17609299,0.02000000,2025-07-16T07:00:32.651365Z
BITFLYER,FX_BTC_JPY,17584604,0.00100000,17585657,0.00100000,2025-07-16T07:00:32.651834Z
BITFLYER,BTC_JPY,17603752,0.02000000,17609299,0.02000000,2025-07-16T07:00:32.652011Z
GMO,BTC_JPY,17582253,0.00900000,17584951,0.00100000,2025-07-16T07:00:32.678765Z
BITFLYER,FX_BTC_JPY,17584604,0.00100000,17585656,0.00100000,2025-07-16T07:00:32.724460Z
GMO,BTC,17600060,0.07992000,17606052,0.02896000,2025-07-16T07:00:32.749043Z
BITFLYER,BTC_JPY,17603751,0.03901155,17609299,0.02000000,2025-07-16T07:00:32.771009Z
BITFLYER,FX_BTC_JPY,17584604,0.00100000,17585656,0.00100000,2025-07-16T07:00:32.852549Z
BITFLYER,FX_BTC_JPY,17584604,0.00100000,17585237,0.05833253,2025-07-16T07:00:32.887162Z
BITFLYER,BTC_JPY,17603755,0.02000000,17609299,0.02000000,2025-07-16T07:00:32.919729Z
BITFLYER,FX_BTC_JPY,17584604,0.00100000,17585237,0.05833253,2025-07-16T07:00:32.969215Z
BITFLYER,BTC_JPY,17603752,0.06000000,17609299,0.02000000,2025-07-16T07:00:33.079919Z
BITFLYER,FX_BTC_JPY,17584604,0.00100000,17585657,0.00100000,2025-07-16T07:00:33.084351Z
BITFLYER,BTC_JPY,17603754,0.02000000,17609299,0.02000000,2025-07-16T07:00:33.204493Z
GMO,BTC_JPY,17582264,0.00500000,17583839,0.00100000,2025-07-16T07:00:33.204493Z
BITFLYER,FX_BTC_JPY,17584604,0.00100000,17585657,0.00100000,2025-07-16T07:00:33.204638Z
GMO,BTC,17600060,0.07992000,17606052,0.02896000,2025-07-16T07:00:33.250241Z
BITFLYER,FX_BTC_JPY,17584604,0.00100000,17585433,0.05833253,2025-07-16T07:00:33.316811Z
BITFLYER,BTC_JPY,17603747,0.02000000,17609299,0.02000000,2025-07-16T07:00:33.316945Z
BITFLYER,FX_BTC_JPY,17584604,0.00100000,17585433,0.05833253,2025-07-16T07:00:33.445922Z
BITFLYER,BTC_JPY,17603755,0.08000000,17609299,0.02000000,2025-07-16T07:00:33.446136Z
BITFLYER,FX_BTC_JPY,17584604,0.00100000,17585657,0.00100000,2025-07-16T07:00:33.537889Z
BITFLYER,BTC_JPY,17603755,0.11901155,17609299,0.02000000,2025-07-16T07:00:33.569200Z
BITFLYER,FX_BTC_JPY,17584604,0.00100000,17585657,0.00100000,2025-07-16T07:00:33.669007Z
GMO,BTC_JPY,17582264,0.00500000,17584418,0.00100000,2025-07-16T07:00:33.706981Z
BITFLYER,BTC_JPY,17603756,0.06000000,17609299,0.02000000,2025-07-16T07:00:33.718282Z
GMO,BTC,17600061,0.03000000,17606052,0.02896000,2025-07-16T07:00:33.768849Z
BITFLYER,FX_BTC_JPY,17584604,0.00100000,17585472,0.05833253,2025-07-16T07:00:33.795660Z
BITFLYER,BTC_JPY,17603758,0.02000000,17609299,0.02000000,2025-07-16T07:00:33.836644Z
BITFLYER,FX_BTC_JPY,17584604,0.00100000,17585472,0.05833253,2025-07-16T07:00:33.901034Z
BITFLYER,BTC_JPY,17603758,0.01000000,17609299,0.02000000,2025-07-16T07:00:33.986161Z
BITFLYER,FX_BTC_JPY,17584604,0.00100000,17585472,0.05833253,2025-07-16T07:00:34.003584Z
BITFLYER,FX_BTC_JPY,17584604,0.00100000,17585471,0.13892110,2025-07-16T07:00:34.107830Z
BITFLYER,BTC_JPY,17603757,0.03901155,17609299,0.02000000,2025-07-16T07:00:34.154364Z
GMO,BTC_JPY,17582275,0.00500000,17583404,0.00100000,2025-07-16T07:00:34.202056Z
GMO,BTC_JPY,17582275,0.00500000,17583404,0.00100000,2025-07-16T07:00:34.221191Z
BITFLYER,FX_BTC_JPY,17584455,0.00200000,17585471,0.08892110,2025-07-16T07:00:34.231064Z
GMO,BTC,17600061,0.03000000,17606052,0.02896000,2025-07-16T07:00:34.246983Z
BITFLYER,BTC_JPY,17603757,0.03901155,17609299,0.02000000,2025-07-16T07:00:34.323435Z
BITFLYER,FX_BTC_JPY,17584455,0.00200000,17585471,0.08892110,2025-07-16T07:00:34.336731Z
BITFLYER,BTC_JPY,17603761,0.04000000,17609299,0.02000000,2025-07-16T07:00:34.497505Z
BITFLYER,FX_BTC_JPY,17584455,0.00200000,17585471,0.08792110,2025-07-16T07:00:34.497657Z
BITFLYER,FX_BTC_JPY,17584455,0.00200000,17585471,0.08792110,2025-07-16T07:00:34.596247Z
BITFLYER,BTC_JPY,17603747,0.02000000,17609299,0.02000000,2025-07-16T07:00:34.601988Z
BITFLYER,FX_BTC_JPY,17584455,0.00200000,17585471,0.08792110,2025-07-16T07:00:34.687850Z
GMO,BTC_JPY,17580892,0.02000000,17584418,0.00100000,2025-07-16T07:00:34.703306Z
BITFLYER,BTC_JPY,17603760,0.02000000,17609299,0.02000000,2025-07-16T07:00:34.733364Z
GMO,BTC,17600062,0.07992000,17606052,0.02896000,2025-07-16T07:00:34.763114Z
BITFLYER,FX_BTC_JPY,17584455,0.00200000,17585471,0.08792110,2025-07-16T07:00:34.791643Z
BITFLYER,BTC_JPY,17603747,0.02000000,17609299,0.02000000,2025-07-16T07:00:34.890987Z
BITFLYER,FX_BTC_JPY,17584455,0.00200000,17585471,0.08792110,2025-07-16T07:00:34.897954Z
BITFLYER,BTC_JPY,17603750,0.02000000,17609299,0.02000000,2025-07-16T07:00:35.001048Z
BITFLYER,FX_BTC_JPY,17584455,0.00200000,17585470,0.05000000,2025-07-16T07:00:35.016707Z
BITFLYER,BTC_JPY,17603747,0.02000000,17609299,0.02000000,2025-07-16T07:00:35.128505Z
BITFLYER,FX_BTC_JPY,17584455,0.00200000,17585470,0.00100000,2025-07-16T07:00:35.206812Z
GMO,BTC_JPY,17581926,0.00900000,17584418,0.00100000,2025-07-16T07:00:35.216941Z
GMO,BTC,17600062,0.05492000,17606052,0.02896000,2025-07-16T07:00:35.269550Z
BITFLYER,BTC_JPY,17603750,0.02000000,17609299,0.02000000,2025-07-16T07:00:35.282888Z
BITFLYER,FX_BTC_JPY,17584455,0.00200000,17585470,0.00100000,2025-07-16T07:00:35.299897Z
BITFLYER,FX_BTC_JPY,17584455,0.00200000,17585471,0.08792110,2025-07-16T07:00:35.408465Z
BITFLYER,FX_BTC_JPY,17584455,0.00200000,17585471,0.08792110,2025-07-16T07:00:35.527789Z
BITFLYER,BTC_JPY,17603750,0.02000000,17609299,0.02000000,2025-07-16T07:00:35.648422Z
BITFLYER,FX_BTC_JPY,17584455,0.00200000,17585471,0.08792110,2025-07-16T07:00:35.658902Z
GMO,BTC_JPY,17581927,0.00100000,17586307,0.00600000,2025-07-16T07:00:35.718987Z
GMO,BTC,17600062,0.04992000,17606052,0.02896000,2025-07-16T07:00:35.773175Z
BITFLYER,FX_BTC_JPY,17584455,0.00200000,17585470,0.00100000,2025-07-16T07:00:35.784121Z
BITFLYER,BTC_JPY,17603750,0.02000000,17609299,0.02000000,2025-07-16T07:00:35.896383Z
BITFLYER,FX_BTC_JPY,17584455,0.00200000,17585470,0.00100000,2025-07-16T07:00:35.905189Z
BITFLYER,BTC_JPY,17603750,0.02000000,17609299,0.02000000,2025-07-16T07:00:36.036165Z
BITFLYER,FX_BTC_JPY,17584455,0.00200000,17585471,0.08792110,2025-07-16T07:00:36.042125Z
GMO,BTC_JPY,17580683,0.01000000,17583614,0.01100000,2025-07-16T07:00:36.257623Z
BITFLYER,FX_BTC_JPY,17584455,0.00200000,17585471,0.08792110,2025-07-16T07:00:36.257747Z
BITFLYER,BTC_JPY,17603750,0.02000000,17609299,0.02000000,2025-07-16T07:00:36.258177Z
GMO,BTC,17600062,0.04992000,17606052,0.02896000,2025-07-16T07:00:36.276334Z
BITFLYER,FX_BTC_JPY,17584455,0.00200000,17585471,0.08792110,2025-07-16T07:00:36.294193Z
BITFLYER,FX_BTC_JPY,17584455,0.00200000,17585471,0.08792110,2025-07-16T07:00:36.421120Z
BITFLYER,FX_BTC_JPY,17584455,0.00200000,17585471,0.08792110,2025-07-16T07:00:36.560437Z
BITFLYER,FX_BTC_JPY,17584455,0.00200000,17585471,0.08792110,2025-07-16T07:00:36.657026Z
GMO,BTC_JPY,17580684,0.01900000,17583614,0.01100000,2025-07-16T07:00:36.725891Z
BITFLYER,FX_BTC_JPY,17584455,0.00200000,17585471,0.08792110,2025-07-16T07:00:36.761427Z
GMO,BTC,17600062,0.04992000,17606052,0.02896000,2025-07-16T07:00:36.782757Z
BITFLYER,FX_BTC_JPY,17584455,0.00200000,17585471,0.08792110,2025-07-16T07:00:36.863858Z
BITFLYER,FX_BTC_JPY,17584455,0.00200000,17585471,0.08792110,2025-07-16T07:00:36.980664Z
BITFLYER,BTC_JPY,17603750,0.02000000,17609299,0.02000000,2025-07-16T07:00:36.993223Z
BITFLYER,FX_BTC_JPY,17584455,0.00200000,17585471,0.08792110,2025-07-16T07:00:37.085672Z
BITFLYER,FX_BTC_JPY,17584455,0.00200000,17585471,0.08792110,2025-07-16T07:00:37.189328Z
GMO,BTC_JPY,17581177,0.02000000,17583614,0.01100000,2025-07-16T07:00:37.231855Z
GMO,BTC,17600062,0.03992000,17606052,0.02896000,2025-07-16T07:00:37.288311Z
BITFLYER,FX_BTC_JPY,17584455,0.00200000,17585471,0.08792110,2025-07-16T07:00:37.293491Z
BITFLYER,FX_BTC_JPY,17584455,0.00200000,17585471,0.08792110,2025-07-16T07:00:37.399627Z
BITFLYER,BTC_JPY,17603750,0.02000000,17609299,0.02000000,2025-07-16T07:00:37.448235Z
BITFLYER,FX_BTC_JPY,17584455,0.00200000,17585471,0.08792110,2025-07-16T07:00:37.536887Z
BITFLYER,BTC_JPY,17603750,0.02000000,17609299,0.02000000,2025-07-16T07:00:37.586847Z
BITFLYER,BTC_JPY,17603750,0.02000000,17609299,0.02000000,2025-07-16T07:00:37.636946Z
BITFLYER,FX_BTC_JPY,17584456,0.00100000,17585657,0.00100000,2025-07-16T07:00:37.641207Z
GMO,BTC_JPY,17581178,0.00100000,17583614,0.01100000,2025-07-16T07:00:37.733469Z
BITFLYER,FX_BTC_JPY,17584456,0.00100000,17585657,0.00100000,2025-07-16T07:00:37.777332Z
BITFLYER,BTC_JPY,17603750,0.02000000,17609299,0.02000000,2025-07-16T07:00:37.777459Z
BITFLYER,FX_BTC_JPY,17584456,0.00100000,17585657,0.00100000,2025-07-16T07:00:37.851414Z
BITFLYER,FX_BTC_JPY,17584456,0.00100000,17585657,0.00100000,2025-07-16T07:00:37.892370Z
BITFLYER,BTC_JPY,17603300,0.28830000,17609299,0.02000000,2025-07-16T07:00:37.892513Z
BITFLYER,FX_BTC_JPY,17584456,0.00100000,17585657,0.00100000,2025-07-16T07:00:37.954544Z
BITFLYER,BTC_JPY,17603747,0.02000000,17609299,0.02000000,2025-07-16T07:00:38.037211Z
BITFLYER,FX_BTC_JPY,17584456,0.00100000,17585657,0.00100000,2025-07-16T07:00:38.086760Z
BITFLYER,BTC_JPY,17603747,0.02000000,17609296,0.02000000,2025-07-16T07:00:38.162970Z
BITFLYER,FX_BTC_JPY,17584456,0.00100000,17585657,0.00100000,2025-07-16T07:00:38.187199Z
GMO,BTC_JPY,17582105,0.00900000,17586704,0.00600000,2025-07-16T07:00:38.248558Z
GMO,BTC,17600063,0.04000000,17606051,0.01000000,2025-07-16T07:00:38.293489Z
BITFLYER,BTC_JPY,17603747,0.02000000,17609296,0.02000000,2025-07-16T07:00:38.310745Z
BITFLYER,BTC_JPY,17603747,0.02000000,17609295,0.02000000,2025-07-16T07:00:38.469960Z
BITFLYER,FX_BTC_JPY,17584456,0.00100000,17585657,0.00100000,2025-07-16T07:00:38.470083Z
BITFLYER,BTC_JPY,17603748,0.02000000,17609200,0.28830000,2025-07-16T07:00:38.586314Z
BITFLYER,FX_BTC_JPY,17584456,0.00100000,17585657,0.00100000,2025-07-16T07:00:38.617215Z
BITFLYER,BTC_JPY,17603747,0.02000000,17609200,0.28830000,2025-07-16T07:00:38.738395Z
GMO,BTC_JPY,17582106,0.00300000,17584492,0.01100000,2025-07-16T07:00:38.751790Z
BITFLYER,FX_BTC_JPY,17584456,0.00100000,17585657,0.00100000,2025-07-16T07:00:38.751799Z
GMO,BTC,17600063,0.04000000,17606051,0.01000000,2025-07-16T07:00:38.806743Z
BITFLYER,FX_BTC_JPY,17584456,0.00100000,17585657,0.00100000,2025-07-16T07:00:38.898317Z
BITFLYER,BTC_JPY,17603747,0.02000000,17609197,0.02000000,2025-07-16T07:00:38.970336Z
BITFLYER,FX_BTC_JPY,17584456,0.00100000,17585657,0.00100000,2025-07-16T07:00:39.002570Z
BITFLYER,FX_BTC_JPY,17584456,0.00100000,17585657,0.00100000,2025-07-16T07:00:39.112541Z
BITFLYER,FX_BTC_JPY,17584456,0.00100000,17585657,0.00100000,2025-07-16T07:00:39.213855Z
GMO,BTC_JPY,17582105,0.00900000,17583614,0.01100000,2025-07-16T07:00:39.248576Z
GMO,BTC_JPY,17582105,0.00900000,17583614,0.01100000,2025-07-16T07:00:39.290082Z
BITFLYER,BTC_JPY,17603747,0.02000000,17609197,0.02000000,2025-07-16T07:00:39.296723Z
GMO,BTC,17600063,0.04000000,17606051,0.01000000,2025-07-16T07:00:39.305249Z
GMO,BTC,17600063,0.04000000,17606051,0.01000000,2025-07-16T07:00:39.309069Z
BITFLYER,FX_BTC_JPY,17584455,0.00200000,17585090,0.05833253,2025-07-16T07:00:39.330154Z
BITFLYER,BTC_JPY,17603747,0.02000000,17609196,0.02000000,2025-07-16T07:00:39.422788Z
BITFLYER,FX_BTC_JPY,17584455,0.00200000,17584994,0.03000000,2025-07-16T07:00:39.447021Z
BITFLYER,BTC_JPY,17603747,0.02000000,17609196,0.02000000,2025-07-16T07:00:39.544706Z
BITFLYER,FX_BTC_JPY,17584455,0.00200000,17584994,0.03000000,2025-07-16T07:00:39.604660Z
BITFLYER,BTC_JPY,17603747,0.02000000,17609196,0.02000000,2025-07-16T07:00:39.683066Z
BITFLYER,FX_BTC_JPY,17583216,0.00100000,17584994,0.03000000,2025-07-16T07:00:39.697209Z
GMO,BTC_JPY,17581178,0.01100000,17582841,0.01100000,2025-07-16T07:00:39.752360Z
GMO,BTC,17600063,0.04000000,17606051,0.01000000,2025-07-16T07:00:39.808869Z
BITFLYER,FX_BTC_JPY,17583216,0.00100000,17584993,0.14478675,2025-07-16T07:00:39.830904Z
BITFLYER,BTC_JPY,17603747,0.02000000,17609106,0.04014000,2025-07-16T07:00:39.923071Z
BITFLYER,FX_BTC_JPY,17583216,0.00100000,17584893,0.03000000,2025-07-16T07:00:39.982598Z
BITFLYER,BTC_JPY,17603747,0.02000000,17609106,0.04014000,2025-07-16T07:00:40.020636Z
BITFLYER,FX_BTC_JPY,17583217,0.00100000,17584893,0.03000000,2025-07-16T07:00:40.086275Z
BITFLYER,BTC_JPY,17603747,0.02000000,17609106,0.04014000,2025-07-16T07:00:40.133645Z
BITFLYER,FX_BTC_JPY,17583217,0.00100000,17584893,0.03000000,2025-07-16T07:00:40.194335Z
GMO,BTC_JPY,17581178,0.00100000,17582503,0.01100000,2025-07-16T07:00:40.255969Z
BITFLYER,BTC_JPY,17603747,0.02000000,17608236,0.00934721,2025-07-16T07:00:40.277938Z
GMO,BTC,17600063,0.04000000,17606051,0.01000000,2025-07-16T07:00:40.312364Z
BITFLYER,FX_BTC_JPY,17583216,0.00100000,17584893,0.03000000,2025-07-16T07:00:40.333915Z
BITFLYER,BTC_JPY,17603747,0.02000000,17608236,0.00934721,2025-07-16T07:00:40.393517Z
BITFLYER,FX_BTC_JPY,17583216,0.00100000,17584892,0.05000000,2025-07-16T07:00:40.422526Z
BITFLYER,BTC_JPY,17603747,0.02000000,17608236,0.00934721,2025-07-16T07:00:40.510687Z
BITFLYER,FX_BTC_JPY,17583218,0.00100000,17584993,0.08792110,2025-07-16T07:00:40.540569Z
BITFLYER,FX_BTC_JPY,17583218,0.00100000,17584993,0.08792110,2025-07-16T07:00:40.656707Z
BITFLYER,BTC_JPY,17603747,0.02000000,17608236,0.00934721,2025-07-16T07:00:40.659207Z
BITFLYER,FX_BTC_JPY,17583218,0.00100000,17584891,0.05686673,2025-07-16T07:00:40.753847Z
GMO,BTC_JPY,17581178,0.00100000,17582503,0.01100000,2025-07-16T07:00:40.761217Z
GMO,BTC,17600063,0.04000000,17606051,0.01000000,2025-07-16T07:00:40.849040Z
BITFLYER,BTC_JPY,17603747,0.02000000,17608531,0.01087680,2025-07-16T07:00:40.849168Z
BITFLYER,FX_BTC_JPY,17582155,0.06511926,17584417,0.03000000,2025-07-16T07:00:40.897219Z
BITFLYER,BTC_JPY,17603747,0.02000000,17608531,0.01087680,2025-07-16T07:00:40.975640Z
BITFLYER,FX_BTC_JPY,17582155,0.06511926,17584417,0.03000000,2025-07-16T07:00:41.018156Z
BITFLYER,BTC_JPY,17603747,0.02000000,17609103,0.01097360,2025-07-16T07:00:41.088418Z
BITFLYER,FX_BTC_JPY,17581376,0.00362891,17584000,0.03000000,2025-07-16T07:00:41.124208Z
GMO,BTC_JPY,17580056,0.01900000,17581491,0.01100000,2025-07-16T07:00:41.262847Z
BITFLYER,FX_BTC_JPY,17582176,0.02166747,17584000,0.03000000,2025-07-16T07:00:41.284682Z
GMO,BTC,17600063,0.04000000,17606051,0.01000000,2025-07-16T07:00:41.327467Z
BITFLYER,FX_BTC_JPY,17582176,0.02166747,17584000,0.03000000,2025-07-16T07:00:41.399678Z
BITFLYER,FX_BTC_JPY,17581702,0.06511926,17583883,0.00132000,2025-07-16T07:00:41.538078Z
BITFLYER,BTC_JPY,17603747,0.02000000,17608528,0.02000000,2025-07-16T07:00:41.543683Z
BITFLYER,FX_BTC_JPY,17581702,0.06511926,17583883,0.00132000,2025-07-16T07:00:41.662039Z
BITFLYER,BTC_JPY,17603747,0.02000000,17606614,0.00934721,2025-07-16T07:00:41.682948Z
BITFLYER,FX_BTC_JPY,17582128,0.02166747,17583883,0.00132000,2025-07-16T07:00:41.737189Z
GMO,BTC_JPY,17580100,0.00900000,17582493,0.00400000,2025-07-16T07:00:41.767863Z
GMO,BTC,17600063,0.04000000,17606050,0.03000000,2025-07-16T07:00:41.849951Z
BITFLYER,BTC_JPY,17603747,0.02000000,17606614,0.00934721,2025-07-16T07:00:41.850016Z
BITFLYER,FX_BTC_JPY,17582128,0.02166747,17583883,0.00132000,2025-07-16T07:00:41.882068Z
BITFLYER,BTC_JPY,17603747,0.02000000,17606614,0.00934721,2025-07-16T07:00:41.986847Z
BITFLYER,FX_BTC_JPY,17582128,0.02166747,17583883,0.00132000,2025-07-16T07:00:41.986940Z
BITFLYER,FX_BTC_JPY,17582128,0.02166747,17583883,0.00132000,2025-07-16T07:00:42.108676Z
BITFLYER,BTC_JPY,17603747,0.02000000,17606614,0.00934721,2025-07-16T07:00:42.112493Z
BITFLYER,BTC_JPY,17603747,0.01900000,17606614,0.00934721,2025-07-16T07:00:42.248950Z
GMO,BTC_JPY,17580440,0.01900000,17584332,0.00200000,2025-07-16T07:00:42.279190Z
BITFLYER,FX_BTC_JPY,17583903,0.06379926,17585455,0.00645325,2025-07-16T07:00:42.286772Z
GMO,BTC,17600063,0.04000000,17606049,0.03000000,2025-07-16T07:00:42.339156Z
BITFLYER,FX_BTC_JPY,17582129,0.06511926,17584899,0.02000000,2025-07-16T07:00:42.409382Z
BITFLYER,BTC_JPY,17603747,0.01900000,17606614,0.00934721,2025-07-16T07:00:42.416536Z
BITFLYER,BTC_JPY,17603747,0.01900000,17606614,0.00934721,2025-07-16T07:00:42.527039Z
BITFLYER,FX_BTC_JPY,17582129,0.06511926,17584899,0.02000000,2025-07-16T07:00:42.570278Z
BITFLYER,BTC_JPY,17603747,0.01900000,17606614,0.00934721,2025-07-16T07:00:42.650944Z
BITFLYER,FX_BTC_JPY,17582129,0.06511926,17584899,0.02000000,2025-07-16T07:00:42.668624Z
BITFLYER,BTC_JPY,17603747,0.01900000,17606614,0.00934721,2025-07-16T07:00:42.761501Z
GMO,BTC_JPY,17581689,0.01900000,17583690,0.01100000,2025-07-16T07:00:42.777838Z
BITFLYER,FX_BTC_JPY,17582129,0.06511926,17584899,0.02000000,2025-07-16T07:00:42.820794Z
GMO,BTC,17600063,0.04000000,17606049,0.03000000,2025-07-16T07:00:42.841935Z
BITFLYER,FX_BTC_JPY,17582129,0.06511926,17584899,0.02000000,2025-07-16T07:00:42.903851Z
BITFLYER,BTC_JPY,17603747,0.01900000,17606614,0.00934721,2025-07-16T07:00:42.903954Z
BITFLYER,FX_BTC_JPY,17582129,0.06511926,17584899,0.02000000,2025-07-16T07:00:42.947582Z
BITFLYER,BTC_JPY,17603747,0.01900000,17606614,0.00934721,2025-07-16T07:00:43.022652Z
BITFLYER,FX_BTC_JPY,17582130,0.00100000,17584899,0.02000000,2025-07-16T07:00:43.095796Z
BITFLYER,BTC_JPY,17603747,0.00900000,17606614,0.00934721,2025-07-16T07:00:43.112767Z
BITFLYER,FX_BTC_JPY,17582130,0.00100000,17584899,0.02000000,2025-07-16T07:00:43.231461Z
BITFLYER,BTC_JPY,17603747,0.00900000,17606614,0.00934721,2025-07-16T07:00:43.250057Z
GMO,BTC_JPY,17581617,0.01900000,17584322,0.00500000,2025-07-16T07:00:43.291141Z
BITFLYER,FX_BTC_JPY,17582130,0.00100000,17584899,0.02000000,2025-07-16T07:00:43.333130Z
GMO,BTC,17600063,0.04000000,17606048,0.04000000,2025-07-16T07:00:43.349875Z
BITFLYER,BTC_JPY,17603747,0.00900000,17606614,0.00934721,2025-07-16T07:00:43.391958Z
BITFLYER,FX_BTC_JPY,17582130,0.00100000,17584899,0.02000000,2025-07-16T07:00:43.447513Z
BITFLYER,BTC_JPY,17603747,0.00900000,17606614,0.00934721,2025-07-16T07:00:43.508546Z
BITFLYER,FX_BTC_JPY,17582130,0.00100000,17584899,0.02000000,2025-07-16T07:00:43.545076Z
BITFLYER,BTC_JPY,17603747,0.00900000,17606614,0.00934721,2025-07-16T07:00:43.635556Z
BITFLYER,FX_BTC_JPY,17582130,0.00100000,17584899,0.02000000,2025-07-16T07:00:43.649889Z
BITFLYER,FX_BTC_JPY,17582130,0.00100000,17584899,0.02000000,2025-07-16T07:00:43.753425Z
BITFLYER,BTC_JPY,17603747,0.00900000,17606614,0.00934721,2025-07-16T07:00:43.789459Z
GMO,BTC_JPY,17583390,0.03900000,17583689,0.00200000,2025-07-16T07:00:43.796071Z
GMO,BTC,17600063,0.04000000,17606048,0.04000000,2025-07-16T07:00:43.851506Z
BITFLYER,FX_BTC_JPY,17582130,0.00100000,17584899,0.02000000,2025-07-16T07:00:43.865995Z
BITFLYER,FX_BTC_JPY,17582130,0.00100000,17584889,0.05900000,2025-07-16T07:00:44.006567Z
BITFLYER,FX_BTC_JPY,17582130,0.00100000,17584681,0.03000000,2025-07-16T07:00:44.120236Z
BITFLYER,BTC_JPY,17603747,0.00900000,17606614,0.00934721,2025-07-16T07:00:44.133693Z
BITFLYER,FX_BTC_JPY,17582130,0.00100000,17584681,0.03000000,2025-07-16T07:00:44.215284Z
BITFLYER,BTC_JPY,17603747,0.00900000,17606614,0.00934721,2025-07-16T07:00:44.270827Z
GMO,BTC_JPY,17577863,0.00100000,17584332,0.00100000,2025-07-16T07:00:44.298893Z
BITFLYER,FX_BTC_JPY,17582130,0.00100000,17584899,0.02000000,2025-07-16T07:00:44.323039Z
GMO,BTC,17600063,0.04000000,17606047,0.03000000,2025-07-16T07:00:44.358102Z
GMO,BTC_JPY,17579062,0.02000000,17584331,0.00400000,2025-07-16T07:00:44.370792Z
GMO,BTC,17600063,0.04000000,17606047,0.03000000,2025-07-16T07:00:44.404993Z
BITFLYER,BTC_JPY,17600525,0.02000000,17606614,0.00934721,2025-07-16T07:00:44.404999Z
BITFLYER,FX_BTC_JPY,17582130,0.00100000,17584899,0.02000000,2025-07-16T07:00:44.470311Z
BITFLYER,BTC_JPY,17603748,0.02000000,17606614,0.00934721,2025-07-16T07:00:44.507124Z
BITFLYER,FX_BTC_JPY,17581093,0.00114239,17584899,0.05200000,2025-07-16T07:00:44.610727Z
BITFLYER,BTC_JPY,17603748,0.02000000,17606614,0.00934721,2025-07-16T07:00:44.617902Z
BITFLYER,FX_BTC_JPY,17581093,0.00114239,17584899,0.05200000,2025-07-16T07:00:44.725408Z
BITFLYER,BTC_JPY,17603748,0.02000000,17606614,0.00934721,2025-07-16T07:00:44.785760Z
BITFLYER,FX_BTC_JPY,17581093,0.00114239,17584148,0.03000000,2025-07-16T07:00:44.814759Z
GMO,BTC,17600063,0.04000000,17606047,0.03000000,2025-07-16T07:00:44.864115Z
BITFLYER,BTC_JPY,17603748,0.02000000,17606614,0.00934721,2025-07-16T07:00:44.931132Z
BITFLYER,FX_BTC_JPY,17581093,0.00114239,17584899,0.05200000,2025-07-16T07:00:45.047915Z
BITFLYER,BTC_JPY,17603748,0.02000000,17606614,0.00934721,2025-07-16T07:00:45.048030Z
BITFLYER,BTC_JPY,17603748,0.02000000,17606614,0.00934721,2025-07-16T07:00:45.163350Z
BITFLYER,FX_BTC_JPY,17581093,0.00114239,17584899,0.05200000,2025-07-16T07:00:45.185733Z
BITFLYER,BTC_JPY,17603748,0.02000000,17606614,0.00934721,2025-07-16T07:00:45.283568Z
BITFLYER,FX_BTC_JPY,17581207,0.00600000,17584116,0.01000000,2025-07-16T07:00:45.293524Z
GMO,BTC_JPY,17579692,0.01900000,17584320,0.01000000,2025-07-16T07:00:45.305789Z
GMO,BTC,17600063,0.04000000,17606046,0.04000000,2025-07-16T07:00:45.370451Z
BITFLYER,FX_BTC_JPY,17581207,0.00600000,17584116,0.01000000,2025-07-16T07:00:45.412159Z
BITFLYER,BTC_JPY,17603748,0.02000000,17606614,0.00934721,2025-07-16T07:00:45.443138Z
BITFLYER,FX_BTC_JPY,17581207,0.00600000,17584116,0.01000000,2025-07-16T07:00:45.569894Z
BITFLYER,BTC_JPY,17603748,0.02000000,17606614,0.00934721,2025-07-16T07:00:45.569973Z
BITFLYER,FX_BTC_JPY,17581207,0.00600000,17584116,0.01000000,2025-07-16T07:00:45.685829Z
BITFLYER,BTC_JPY,17603748,0.02000000,17606614,0.00934721,2025-07-16T07:00:45.685923Z
BITFLYER,FX_BTC_JPY,17581207,0.00600000,17584116,0.01000000,2025-07-16T07:00:45.797025Z
GMO,BTC_JPY,17579692,0.01900000,17584309,0.01000000,2025-07-16T07:00:45.806515Z
BITFLYER,BTC_JPY,17603748,0.02000000,17606614,0.00934721,2025-07-16T07:00:45.843408Z
GMO,BTC,17600063,0.04000000,17606046,0.04000000,2025-07-16T07:00:45.885257Z
BITFLYER,FX_BTC_JPY,17581207,0.00600000,17584116,0.01000000,2025-07-16T07:00:45.935832Z
BITFLYER,BTC_JPY,17603748,0.02000000,17606614,0.00934721,2025-07-16T07:00:45.971109Z
BITFLYER,FX_BTC_JPY,17581207,0.00600000,17584899,0.02000000,2025-07-16T07:00:46.056132Z
BITFLYER,BTC_JPY,17603748,0.02000000,17606614,0.00934721,2025-07-16T07:00:46.087073Z
BITFLYER,FX_BTC_JPY,17581207,0.00600000,17584899,0.02000000,2025-07-16T07:00:46.167734Z
BITFLYER,FX_BTC_JPY,17581207,0.00600000,17584899,0.02000000,2025-07-16T07:00:46.282646Z
BITFLYER,BTC_JPY,17603748,0.02000000,17606614,0.00934721,2025-07-16T07:00:46.339320Z
GMO,BTC_JPY,17579692,0.01900000,17584319,0.00300000,2025-07-16T07:00:46.339364Z
GMO,BTC,17600063,0.04000000,17606045,0.03000000,2025-07-16T07:00:46.380284Z
BITFLYER,FX_BTC_JPY,17581729,0.05203839,17584899,0.02000000,2025-07-16T07:00:46.383931Z
BITFLYER,BTC_JPY,17603748,0.02000000,17606614,0.00934721,2025-07-16T07:00:46.436667Z
BITFLYER,FX_BTC_JPY,17582965,0.00100000,17584899,0.02000000,2025-07-16T07:00:46.584832Z
BITFLYER,BTC_JPY,17603748,0.02000000,17606614,0.00934721,2025-07-16T07:00:46.584916Z
BITFLYER,FX_BTC_JPY,17582965,0.00100000,17584899,0.02000000,2025-07-16T07:00:46.786914Z
BITFLYER,BTC_JPY,17603748,0.02000000,17606614,0.00934721,2025-07-16T07:00:46.787241Z
BITFLYER,BTC_JPY,17603748,0.02000000,17606614,0.00934721,2025-07-16T07:00:46.841371Z
GMO,BTC_JPY,17580253,0.01700000,17584264,0.00100000,2025-07-16T07:00:46.841448Z
BITFLYER,FX_BTC_JPY,17582965,0.00100000,17584898,0.05686693,2025-07-16T07:00:46.850407Z
GMO,BTC,17600063,0.04000000,17606044,0.03000000,2025-07-16T07:00:46.890104Z
BITFLYER,FX_BTC_JPY,17582965,0.00100000,17584898,0.05686693,2025-07-16T07:00:46.946113Z
BITFLYER,BTC_JPY,17603751,0.02000000,17606614,0.00934721,2025-07-16T07:00:46.968693Z
BITFLYER,FX_BTC_JPY,17582965,0.00100000,17584898,0.05686693,2025-07-16T07:00:47.130092Z
BITFLYER,BTC_JPY,17603751,0.02000000,17606614,0.00934721,2025-07-16T07:00:47.246388Z
BITFLYER,FX_BTC_JPY,17582965,0.00100000,17584898,0.05686693,2025-07-16T07:00:47.246493Z
BITFLYER,FX_BTC_JPY,17582965,0.00100000,17584898,0.05686693,2025-07-16T07:00:47.269743Z
BITFLYER,BTC_JPY,17603751,0.02000000,17606614,0.00934721,2025-07-16T07:00:47.271269Z
GMO,BTC_JPY,17580254,0.00300000,17584264,0.00100000,2025-07-16T07:00:47.319877Z
BITFLYER,FX_BTC_JPY,17582965,0.00100000,17584898,0.05686693,2025-07-16T07:00:47.389546Z
BITFLYER,BTC_JPY,17603751,0.02000000,17606614,0.00934721,2025-07-16T07:00:47.393543Z
GMO,BTC,17600063,0.04000000,17606044,0.04000000,2025-07-16T07:00:47.404416Z
BITFLYER,FX_BTC_JPY,17582965,0.00100000,17584898,0.05686693,2025-07-16T07:00:47.541866Z
BITFLYER,BTC_JPY,17603751,0.02000000,17606614,0.00934721,2025-07-16T07:00:47.541992Z
BITFLYER,FX_BTC_JPY,17584604,0.01800000,17584898,0.05686693,2025-07-16T07:00:47.645251Z
BITFLYER,BTC_JPY,17603751,0.02000000,17606614,0.00934721,2025-07-16T07:00:47.646755Z
BITFLYER,BTC_JPY,17603751,0.02000000,17606614,0.00934721,2025-07-16T07:00:47.696926Z
BITFLYER,FX_BTC_JPY,17584604,0.01800000,17584898,0.05686693,2025-07-16T07:00:47.714929Z
BITFLYER,BTC_JPY,17603754,0.02000000,17606614,0.00934721,2025-07-16T07:00:47.818373Z
GMO,BTC_JPY,17580253,0.01200000,17584264,0.00100000,2025-07-16T07:00:47.824755Z
BITFLYER,FX_BTC_JPY,17584604,0.01800000,17584898,0.05686693,2025-07-16T07:00:47.845561Z
BITFLYER,FX_BTC_JPY,17584604,0.01800000,17584898,0.05686693,2025-07-16T07:00:47.945657Z
BITFLYER,BTC_JPY,17603754,0.02000000,17606614,0.00934721,2025-07-16T07:00:47.949334Z
BITFLYER,FX_BTC_JPY,17584604,0.01800000,17584897,0.00100000,2025-07-16T07:00:48.014431Z
GMO,BTC,17600063,0.04000000,17606043,0.03000000,2025-07-16T07:00:48.046155Z
BITFLYER,FX_BTC_JPY,17582965,0.00100000,17584897,0.00100000,2025-07-16T07:00:48.101442Z
BITFLYER,BTC_JPY,17603754,0.02000000,17606614,0.00934721,2025-07-16T07:00:48.183132Z
BITFLYER,FX_BTC_JPY,17582965,0.00100000,17584829,0.00100000,2025-07-16T07:00:48.228997Z
GMO,BTC_JPY,17580253,0.01200000,17584264,0.00100000,2025-07-16T07:00:48.330871Z
BITFLYER,BTC_JPY,17601256,0.02663359,17606614,0.00934721,2025-07-16T07:00:48.339181Z
BITFLYER,FX_BTC_JPY,17582965,0.00100000,17584829,0.00100000,2025-07-16T07:00:48.347033Z
GMO,BTC,17600063,0.04000000,17606042,0.03000000,2025-07-16T07:00:48.423617Z
BITFLYER,FX_BTC_JPY,17582965,0.00100000,17584829,0.00100000,2025-07-16T07:00:48.455936Z
BITFLYER,BTC_JPY,17603757,0.02000000,17606614,0.00934721,2025-07-16T07:00:48.485311Z
BITFLYER,FX_BTC_JPY,17582965,0.00100000,17584828,0.05686699,2025-07-16T07:00:48.577538Z
BITFLYER,BTC_JPY,17603757,0.01000000,17606614,0.00934721,2025-07-16T07:00:48.579315Z
BITFLYER,FX_BTC_JPY,17582965,0.00100000,17584828,0.05686699,2025-07-16T07:00:48.695066Z
BITFLYER,BTC_JPY,17601256,0.02663359,17606614,0.00934721,2025-07-16T07:00:48.723409Z
BITFLYER,FX_BTC_JPY,17582965,0.00100000,17584829,0.00100000,2025-07-16T07:00:48.820136Z
GMO,BTC_JPY,17580253,0.01200000,17584264,0.00100000,2025-07-16T07:00:48.838942Z
BITFLYER,BTC_JPY,17601256,0.02663359,17606614,0.00934721,2025-07-16T07:00:48.848080Z
BITFLYER,FX_BTC_JPY,17582965,0.00100000,17584829,0.00100000,2025-07-16T07:00:48.923306Z
GMO,BTC,17600063,0.04000000,17606041,0.04000000,2025-07-16T07:00:48.940487Z
BITFLYER,BTC_JPY,17601256,0.02663359,17606614,0.00934721,2025-07-16T07:00:49.019155Z
BITFLYER,FX_BTC_JPY,17582965,0.00100000,17584829,0.00100000,2025-07-16T07:00:49.029863Z
BITFLYER,FX_BTC_JPY,17582965,0.00100000,17584829,0.00100000,2025-07-16T07:00:49.215462Z
BITFLYER,BTC_JPY,17601259,0.02000000,17606614,0.00934721,2025-07-16T07:00:49.316930Z
GMO,BTC_JPY,17580863,0.01200000,17582996,0.00800000,2025-07-16T07:00:49.351286Z
BITFLYER,FX_BTC_JPY,17582965,0.00100000,17584889,0.02000000,2025-07-16T07:00:49.366561Z
GMO,BTC_JPY,17580864,0.02000000,17582996,0.00800000,2025-07-16T07:00:49.510170Z
BITFLYER,FX_BTC_JPY,17582965,0.00100000,17584889,0.02000000,2025-07-16T07:00:49.523396Z
BITFLYER,BTC_JPY,17601260,0.03103410,17606614,0.00934721,2025-07-16T07:00:49.526532Z
GMO,BTC,17600063,0.04000000,17606041,0.04000000,2025-07-16T07:00:49.535828Z
BITFLYER,FX_BTC_JPY,17582965,0.00100000,17584889,0.02000000,2025-07-16T07:00:49.638153Z
BITFLYER,FX_BTC_JPY,17582965,0.00100000,17584889,0.02000000,2025-07-16T07:00:49.750474Z
BITFLYER,FX_BTC_JPY,17582965,0.00100000,17584889,0.02000000,2025-07-16T07:00:49.860272Z
BITFLYER,BTC_JPY,17601260,0.03103410,17606614,0.00934721,2025-07-16T07:00:49.860347Z
BITFLYER,FX_BTC_JPY,17582965,0.00100000,17584889,0.02000000,2025-07-16T07:00:49.985383Z
BITFLYER,BTC_JPY,17601260,0.03103410,17606614,0.00934721,2025-07-16T07:00:49.985449Z
BITFLYER,FX_BTC_JPY,17582965,0.00100000,17584889,0.02000000,2025-07-16T07:00:50.084310Z
BITFLYER,BTC_JPY,17601256,0.03290406,17606614,0.00934721,2025-07-16T07:00:50.143555Z
BITFLYER,FX_BTC_JPY,17582965,0.00100000,17584889,0.02000000,2025-07-16T07:00:50.191164Z
BITFLYER,BTC_JPY,17601256,0.03290406,17606614,0.00934721,2025-07-16T07:00:50.276846Z
BITFLYER,FX_BTC_JPY,17582965,0.00100000,17585417,0.01000000,2025-07-16T07:00:50.293862Z
GMO,BTC_JPY,17581217,0.01200000,17584453,0.00100000,2025-07-16T07:00:50.349867Z
BITFLYER,FX_BTC_JPY,17582965,0.00100000,17585417,0.01000000,2025-07-16T07:00:50.406721Z
GMO,BTC,17600063,0.04000000,17606040,0.03000000,2025-07-16T07:00:50.443928Z
BITFLYER,FX_BTC_JPY,17582965,0.00100000,17585417,0.01000000,2025-07-16T07:00:50.540674Z
BITFLYER,BTC_JPY,17601256,0.03290406,17606614,0.00934721,2025-07-16T07:00:50.541230Z
BITFLYER,FX_BTC_JPY,17582965,0.00100000,17585417,0.01000000,2025-07-16T07:00:50.647632Z
BITFLYER,FX_BTC_JPY,17582965,0.00100000,17585417,0.01000000,2025-07-16T07:00:50.774433Z
BITFLYER,BTC_JPY,17601256,0.03290406,17606614,0.00934721,2025-07-16T07:00:50.816802Z
GMO,BTC_JPY,17581217,0.01200000,17584453,0.00100000,2025-07-16T07:00:50.852095Z
BITFLYER,FX_BTC_JPY,17582965,0.00100000,17585417,0.01000000,2025-07-16T07:00:50.866432Z
GMO,BTC,17600063,0.04000000,17606040,0.03000000,2025-07-16T07:00:50.949123Z
BITFLYER,FX_BTC_JPY,17582965,0.00100000,17585417,0.01000000,2025-07-16T07:00:50.997113Z
BITFLYER,FX_BTC_JPY,17582965,0.00100000,17585417,0.01000000,2025-07-16T07:00:51.110252Z
BITFLYER,BTC_JPY,17601256,0.03290406,17606614,0.00934721,2025-07-16T07:00:51.187097Z
BITFLYER,FX_BTC_JPY,17583700,0.02166747,17585417,0.01000000,2025-07-16T07:00:51.235557Z
GMO,BTC_JPY,17581217,0.01200000,17585099,0.02200000,2025-07-16T07:00:51.366263Z
BITFLYER,FX_BTC_JPY,17582965,0.00100000,17585417,0.01000000,2025-07-16T07:00:51.367566Z
BITFLYER,BTC_JPY,17601256,0.03290406,17606614,0.00934721,2025-07-16T07:00:51.447412Z
GMO,BTC,17600063,0.04000000,17606039,0.04000000,2025-07-16T07:00:51.457932Z
BITFLYER,FX_BTC_JPY,17582965,0.00100000,17585417,0.01000000,2025-07-16T07:00:51.487142Z
BITFLYER,BTC_JPY,17601256,0.03290406,17606614,0.00934721,2025-07-16T07:00:51.568288Z
BITFLYER,FX_BTC_JPY,17582965,0.00100000,17585416,0.05686592,2025-07-16T07:00:51.591711Z
BITFLYER,BTC_JPY,17601256,0.03290406,17606614,0.00934721,2025-07-16T07:00:51.684782Z
BITFLYER,FX_BTC_JPY,17582965,0.00100000,17585416,0.05686592,2025-07-16T07:00:51.714014Z
BITFLYER,BTC_JPY,17601256,0.03290406,17606614,0.00934721,2025-07-16T07:00:51.821840Z
BITFLYER,FX_BTC_JPY,17582965,0.00100000,17585416,0.05686592,2025-07-16T07:00:51.849393Z
GMO,BTC_JPY,17581661,0.02000000,17584141,0.00800000,2025-07-16T07:00:51.862941Z
BITFLYER,BTC_JPY,17601256,0.03290406,17606614,0.00934721,2025-07-16T07:00:51.941445Z
BITFLYER,FX_BTC_JPY,17582965,0.00100000,17585416,0.05686592,2025-07-16T07:00:51.952318Z
GMO,BTC,17600063,0.04000000,17606038,0.03000000,2025-07-16T07:00:51.962277Z
BITFLYER,FX_BTC_JPY,17582965,0.00100000,17585416,0.05686592,2025-07-16T07:00:52.064034Z
BITFLYER,BTC_JPY,17601256,0.03290406,17606614,0.00934721,2025-07-16T07:00:52.065387Z
BITFLYER,FX_BTC_JPY,17582965,0.00100000,17585416,0.05686592,2025-07-16T07:00:52.175939Z
BITFLYER,BTC_JPY,17601256,0.03290406,17606614,0.00934721,2025-07-16T07:00:52.212531Z
BITFLYER,FX_BTC_JPY,17582965,0.00100000,17585416,0.05686592,2025-07-16T07:00:52.308113Z
GMO,BTC_JPY,17579961,0.02000000,17584320,0.00800000,2025-07-16T07:00:52.362821Z
BITFLYER,FX_BTC_JPY,17582965,0.00100000,17585416,0.05686592,2025-07-16T07:00:52.413894Z
BITFLYER,BTC_JPY,17601256,0.03290406,17606614,0.00934721,2025-07-16T07:00:52.441957Z
GMO,BTC,17600063,0.04000000,17606037,0.03000000,2025-07-16T07:00:52.470021Z
BITFLYER,FX_BTC_JPY,17582965,0.00100000,17585416,0.05686592,2025-07-16T07:00:52.568528Z
BITFLYER,BTC_JPY,17601256,0.03290406,17606614,0.00934721,2025-07-16T07:00:52.589627Z
BITFLYER,BTC_JPY,17601256,0.03290406,17606614,0.00934721,2025-07-16T07:00:52.690857Z
BITFLYER,FX_BTC_JPY,17582965,0.00100000,17585416,0.05686592,2025-07-16T07:00:52.691081Z
BITFLYER,FX_BTC_JPY,17583836,0.02166747,17585416,0.05686592,2025-07-16T07:00:52.785395Z
BITFLYER,BTC_JPY,17601256,0.03290406,17606614,0.00934721,2025-07-16T07:00:52.850835Z
GMO,BTC_JPY,17581380,0.01800000,17584415,0.11100000,2025-07-16T07:00:52.868009Z
BITFLYER,FX_BTC_JPY,17583836,0.02166747,17585416,0.05686592,2025-07-16T07:00:52.897442Z
BITFLYER,FX_BTC_JPY,17583836,0.02166747,17585416,0.05686592,2025-07-16T07:00:52.930218Z
BITFLYER,BTC_JPY,17601256,0.03290406,17606614,0.00934721,2025-07-16T07:00:52.975706Z
GMO,BTC,17600063,0.04000000,17606037,0.03000000,2025-07-16T07:00:52.975778Z
BITFLYER,FX_BTC_JPY,17582965,0.00100000,17585416,0.05686592,2025-07-16T07:00:53.024045Z
BITFLYER,BTC_JPY,17601256,0.03290406,17606614,0.00934721,2025-07-16T07:00:53.104320Z
BITFLYER,FX_BTC_JPY,17582965,0.00100000,17585416,0.05686592,2025-07-16T07:00:53.126534Z
BITFLYER,BTC_JPY,17601256,0.03290406,17606614,0.00934721,2025-07-16T07:00:53.217515Z
BITFLYER,FX_BTC_JPY,17583846,0.05800000,17585453,0.05000000,2025-07-16T07:00:53.240586Z
BITFLYER,BTC_JPY,17601256,0.03290406,17606614,0.00934721,2025-07-16T07:00:53.366774Z
GMO,BTC_JPY,17581415,0.01800000,17584158,0.00800000,2025-07-16T07:00:53.370768Z
BITFLYER,FX_BTC_JPY,17583846,0.05800000,17585657,0.00100000,2025-07-16T07:00:53.375957Z
GMO,BTC,17600063,0.04000000,17606036,0.04000000,2025-07-16T07:00:53.489797Z
BITFLYER,FX_BTC_JPY,17584314,0.02166747,17585657,0.00100000,2025-07-16T07:00:53.490077Z
BITFLYER,BTC_JPY,17601256,0.03290406,17606614,0.00934721,2025-07-16T07:00:53.530449Z
BITFLYER,FX_BTC_JPY,17584314,0.02166747,17585657,0.00100000,2025-07-16T07:00:53.659894Z
BITFLYER,BTC_JPY,17601256,0.03290406,17606614,0.00934721,2025-07-16T07:00:53.740698Z
BITFLYER,FX_BTC_JPY,17585758,0.02066747,17588312,0.00725875,2025-07-16T07:00:53.788067Z
BITFLYER,BTC_JPY,17601256,0.03290406,17606614,0.00934721,2025-07-16T07:00:53.856373Z
GMO,BTC_JPY,17582524,0.01800000,17584414,0.00100000,2025-07-16T07:00:53.877222Z
BITFLYER,FX_BTC_JPY,17585758,0.02066747,17588312,0.00725875,2025-07-16T07:00:53.891432Z
BITFLYER,BTC_JPY,17601433,0.01052700,17606614,0.00934721,2025-07-16T07:00:53.979401Z
GMO,BTC,17600063,0.04000000,17606036,0.04000000,2025-07-16T07:00:53.991405Z
BITFLYER,FX_BTC_JPY,17584714,0.01000000,17587982,0.05121225,2025-07-16T07:00:54.004973Z
BITFLYER,FX_BTC_JPY,17584714,0.01000000,17587982,0.05121225,2025-07-16T07:00:54.104409Z
BITFLYER,BTC_JPY,17601433,0.01052700,17608182,0.02000000,2025-07-16T07:00:54.130569Z
BITFLYER,FX_BTC_JPY,17584714,0.01000000,17587135,0.03000000,2025-07-16T07:00:54.225238Z
BITFLYER,BTC_JPY,17601434,0.03421984,17608182,0.02000000,2025-07-16T07:00:54.281579Z
BITFLYER,FX_BTC_JPY,17584670,0.02000000,17587883,0.00600000,2025-07-16T07:00:54.344298Z
GMO,BTC_JPY,17583665,0.01800000,17586636,0.02000000,2025-07-16T07:00:54.379911Z
BITFLYER,BTC_JPY,17601434,0.03421984,17607844,0.00934721,2025-07-16T07:00:54.413709Z
BITFLYER,FX_BTC_JPY,17584670,0.02000000,17587982,0.05121225,2025-07-16T07:00:54.446691Z
GMO,BTC,17600063,0.04000000,17606035,0.03000000,2025-07-16T07:00:54.497163Z
BITFLYER,BTC_JPY,17601436,0.02000000,17607844,0.00934721,2025-07-16T07:00:54.534087Z
BITFLYER,FX_BTC_JPY,17584670,0.02000000,17587982,0.05121225,2025-07-16T07:00:54.552444Z
GMO,BTC_JPY,17583665,0.01800000,17584796,0.00800000,2025-07-16T07:00:54.583624Z
GMO,BTC,17600063,0.04000000,17606035,0.03000000,2025-07-16T07:00:54.605075Z
BITFLYER,FX_BTC_JPY,17584671,0.00100000,17586986,0.03000000,2025-07-16T07:00:54.656875Z
BITFLYER,BTC_JPY,17601434,0.03421984,17607844,0.00934721,2025-07-16T07:00:54.666181Z
BITFLYER,FX_BTC_JPY,17584670,0.02000000,17586986,0.03000000,2025-07-16T07:00:54.818012Z
BITFLYER,BTC_JPY,17601437,0.05429935,17607844,0.00934721,2025-07-16T07:00:54.818190Z
BITFLYER,FX_BTC_JPY,17584304,0.05179577,17586986,0.03000000,2025-07-16T07:00:54.897305Z
BITFLYER,BTC_JPY,17601611,0.01268700,17607844,0.00934721,2025-07-16T07:00:54.932834Z
GMO,BTC,17600063,0.04000000,17606034,0.03000000,2025-07-16T07:00:55.012521Z
BITFLYER,FX_BTC_JPY,17584304,0.05179577,17586986,0.03000000,2025-07-16T07:00:55.012530Z
BITFLYER,FX_BTC_JPY,17584304,0.05179577,17587982,0.05121225,2025-07-16T07:00:55.170491Z
BITFLYER,BTC_JPY,17601612,0.03222060,17607844,0.00934721,2025-07-16T07:00:55.183790Z
BITFLYER,FX_BTC_JPY,17584304,0.05179577,17586779,0.03000000,2025-07-16T07:00:55.284282Z
BITFLYER,BTC_JPY,17601614,0.02000000,17607844,0.00934721,2025-07-16T07:00:55.310209Z
GMO,BTC_JPY,17583665,0.01800000,17584796,0.00800000,2025-07-16T07:00:55.388091Z
BITFLYER,FX_BTC_JPY,17584304,0.05179577,17587982,0.05121225,2025-07-16T07:00:55.403181Z
BITFLYER,BTC_JPY,17601612,0.03222060,17607844,0.00934721,2025-07-16T07:00:55.442997Z
GMO,BTC,17600063,0.04000000,17606033,0.04000000,2025-07-16T07:00:55.512515Z
BITFLYER,FX_BTC_JPY,17584338,0.00117000,17587982,0.05121225,2025-07-16T07:00:55.557517Z
BITFLYER,BTC_JPY,17601615,0.05197285,17607844,0.00934721,2025-07-16T07:00:55.566981Z
BITFLYER,BTC_JPY,17601615,0.02000000,17607844,0.00934721,2025-07-16T07:00:55.682476Z
BITFLYER,FX_BTC_JPY,17584794,0.03000000,17587982,0.05121225,2025-07-16T07:00:55.688893Z
BITFLYER,FX_BTC_JPY,17584338,0.00117000,17587982,0.05121225,2025-07-16T07:00:55.810081Z
BITFLYER,BTC_JPY,17601615,0.02000000,17607844,0.00934721,2025-07-16T07:00:55.827475Z
GMO,BTC_JPY,17583665,0.01800000,17584677,0.00800000,2025-07-16T07:00:55.889363Z
BITFLYER,FX_BTC_JPY,17584338,0.00117000,17587982,0.05121225,2025-07-16T07:00:55.924365Z
BITFLYER,BTC_JPY,17601612,0.03167608,17607844,0.00934721,2025-07-16T07:00:55.950922Z
GMO,BTC,17600063,0.04000000,17606033,0.01000000,2025-07-16T07:00:56.015149Z
BITFLYER,FX_BTC_JPY,17584338,0.00117000,17587982,0.05121225,2025-07-16T07:00:56.025663Z
BITFLYER,BTC_JPY,17601618,0.02000000,17607844,0.00934721,2025-07-16T07:00:56.054625Z
BITFLYER,FX_BTC_JPY,17584338,0.00117000,17587945,0.01000000,2025-07-16T07:00:56.127963Z
BITFLYER,BTC_JPY,17601612,0.03198834,17607844,0.00934721,2025-07-16T07:00:56.186077Z
BITFLYER,FX_BTC_JPY,17584338,0.00117000,17587945,0.01000000,2025-07-16T07:00:56.250067Z
BITFLYER,BTC_JPY,17601611,0.01268700,17607844,0.00934721,2025-07-16T07:00:56.291986Z
GMO,BTC_JPY,17581003,0.03800000,17584677,0.00800000,2025-07-16T07:00:56.408624Z
BITFLYER,BTC_JPY,17601621,0.02000000,17607844,0.00934721,2025-07-16T07:00:56.419699Z
BITFLYER,FX_BTC_JPY,17584338,0.00117000,17587572,0.05120342,2025-07-16T07:00:56.428060Z
GMO,BTC,17600063,0.04000000,17606033,0.01000000,2025-07-16T07:00:56.517825Z
BITFLYER,FX_BTC_JPY,17584338,0.00117000,17587572,0.05120342,2025-07-16T07:00:56.569032Z
BITFLYER,BTC_JPY,17601787,0.00100000,17607844,0.00934721,2025-07-16T07:00:56.569203Z
BITFLYER,FX_BTC_JPY,17583898,0.05052849,17587572,0.05120342,2025-07-16T07:00:56.666717Z
BITFLYER,BTC_JPY,17601787,0.00100000,17607844,0.00934721,2025-07-16T07:00:56.701089Z
BITFLYER,FX_BTC_JPY,17584395,0.03000000,17587572,0.05120342,2025-07-16T07:00:56.758857Z
BITFLYER,BTC_JPY,17601788,0.03126572,17607844,0.00934721,2025-07-16T07:00:56.816426Z
BITFLYER,FX_BTC_JPY,17584789,0.03000000,17587572,0.05120342,2025-07-16T07:00:56.887114Z
GMO,BTC_JPY,17581014,0.01500000,17586630,0.00600000,2025-07-16T07:00:56.904378Z
BITFLYER,BTC_JPY,17601788,0.03126572,17607844,0.00934721,2025-07-16T07:00:56.984411Z
BITFLYER,FX_BTC_JPY,17584395,0.03000000,17587572,0.05120342,2025-07-16T07:00:56.992292Z
GMO,BTC,17600063,0.04000000,17606033,0.01000000,2025-07-16T07:00:57.024167Z
BITFLYER,BTC_JPY,17601788,0.03126572,17607844,0.00934721,2025-07-16T07:00:57.126759Z
BITFLYER,FX_BTC_JPY,17583898,0.05052849,17587540,0.01000000,2025-07-16T07:00:57.128008Z
BITFLYER,BTC_JPY,17601791,0.02000000,17607844,0.00934721,2025-07-16T07:00:57.229232Z
BITFLYER,FX_BTC_JPY,17583898,0.05052849,17587540,0.01000000,2025-07-16T07:00:57.235479Z
BITFLYER,BTC_JPY,17601791,0.02000000,17607844,0.00934721,2025-07-16T07:00:57.349277Z
BITFLYER,FX_BTC_JPY,17583903,0.03000000,17587444,0.03000000,2025-07-16T07:00:57.370200Z
GMO,BTC_JPY,17583629,0.01200000,17586619,0.00500000,2025-07-16T07:00:57.402052Z
BITFLYER,FX_BTC_JPY,17583837,0.07207890,17587444,0.03000000,2025-07-16T07:00:57.475115Z
GMO,BTC,17600063,0.04000000,17606033,0.01000000,2025-07-16T07:00:57.528947Z
BITFLYER,FX_BTC_JPY,17583837,0.07207890,17587443,0.00100000,2025-07-16T07:00:57.593524Z
BITFLYER,BTC_JPY,17601792,0.03186296,17607844,0.00934721,2025-07-16T07:00:57.606401Z
BITFLYER,BTC_JPY,17601792,0.03186296,17607844,0.00934721,2025-07-16T07:00:57.653362Z
BITFLYER,FX_BTC_JPY,17583837,0.07207890,17587443,0.00100000,2025-07-16T07:00:57.698219Z
BITFLYER,BTC_JPY,17601794,0.02000000,17607844,0.00934721,2025-07-16T07:00:57.725554Z
BITFLYER,FX_BTC_JPY,17583837,0.07207890,17587443,0.00100000,2025-07-16T07:00:57.853512Z
BITFLYER,BTC_JPY,17601612,0.03604937,17607844,0.00934721,2025-07-16T07:00:57.872218Z
GMO,BTC_JPY,17583387,0.01800000,17585064,0.00800000,2025-07-16T07:00:57.911956Z
BITFLYER,FX_BTC_JPY,17583837,0.07207890,17587443,0.00100000,2025-07-16T07:00:57.943163Z
BITFLYER,FX_BTC_JPY,17583837,0.07207890,17587443,0.00100000,2025-07-16T07:00:57.965273Z
BITFLYER,BTC_JPY,17601613,0.02000000,17607844,0.00934721,2025-07-16T07:00:57.974340Z
GMO,BTC,17600063,0.04000000,17606033,0.01000000,2025-07-16T07:00:58.031931Z
BITFLYER,FX_BTC_JPY,17585161,0.02066747,17587437,0.01000000,2025-07-16T07:00:58.087022Z
BITFLYER,BTC_JPY,17601795,0.02000000,17607844,0.00934721,2025-07-16T07:00:58.090264Z
BITFLYER,FX_BTC_JPY,17585161,0.02066747,17587437,0.01000000,2025-07-16T07:00:58.187449Z
BITFLYER,BTC_JPY,17601614,0.03653130,17607844,0.00934721,2025-07-16T07:00:58.243188Z
BITFLYER,FX_BTC_JPY,17583837,0.07207890,17587437,0.01000000,2025-07-16T07:00:58.359556Z
BITFLYER,BTC_JPY,17601616,0.02000000,17607844,0.00934721,2025-07-16T07:00:58.360070Z
GMO,BTC_JPY,17584012,0.01200000,17586618,0.00300000,2025-07-16T07:00:58.414646Z
BITFLYER,FX_BTC_JPY,17583838,0.02066747,17587437,0.01000000,2025-07-16T07:00:58.453458Z
BITFLYER,BTC_JPY,17601255,0.02000000,17607844,0.00934721,2025-07-16T07:00:58.489775Z
GMO,BTC,17600063,0.04000000,17606033,0.01000000,2025-07-16T07:00:58.552964Z
BITFLYER,BTC_JPY,17601617,0.05730656,17607844,0.00934721,2025-07-16T07:00:58.612427Z
BITFLYER,FX_BTC_JPY,17584152,0.03000000,17587437,0.01000000,2025-07-16T07:00:58.646157Z
BITFLYER,BTC_JPY,17601255,0.02000000,17607844,0.00934721,2025-07-16T07:00:58.748542Z
BITFLYER,FX_BTC_JPY,17583945,0.00600000,17587437,0.01000000,2025-07-16T07:00:58.749863Z
BITFLYER,BTC_JPY,17601258,0.02000000,17607844,0.00934721,2025-07-16T07:00:58.871466Z
BITFLYER,FX_BTC_JPY,17583945,0.00600000,17587437,0.01000000,2025-07-16T07:00:58.900887Z
GMO,BTC_JPY,17583809,0.01800000,17586618,0.00300000,2025-07-16T07:00:58.916814Z
BITFLYER,FX_BTC_JPY,17584434,0.03000000,17587437,0.01000000,2025-07-16T07:00:59.002137Z
BITFLYER,BTC_JPY,17601258,0.02000000,17609100,0.28830000,2025-07-16T07:00:59.015275Z
GMO,BTC,17600063,0.04000000,17606033,0.01000000,2025-07-16T07:00:59.055178Z
BITFLYER,FX_BTC_JPY,17584434,0.03000000,17587534,0.01000000,2025-07-16T07:00:59.111171Z
BITFLYER,BTC_JPY,17601259,0.03936234,17609100,0.28830000,2025-07-16T07:00:59.132251Z
BITFLYER,FX_BTC_JPY,17583946,0.00100000,17587534,0.01000000,2025-07-16T07:00:59.233230Z
BITFLYER,BTC_JPY,17601259,0.03936234,17609100,0.28830000,2025-07-16T07:00:59.322212Z
BITFLYER,FX_BTC_JPY,17583946,0.00100000,17587533,0.00100000,2025-07-16T07:00:59.341400Z
GMO,BTC_JPY,17584013,0.01000000,17585773,0.00800000,2025-07-16T07:00:59.431007Z
BITFLYER,FX_BTC_JPY,17583945,0.00600000,17587533,0.00100000,2025-07-16T07:00:59.449540Z
BITFLYER,BTC_JPY,17601259,0.03936234,17609100,0.28830000,2025-07-16T07:00:59.463014Z
GMO,BTC,17600063,0.04000000,17606033,0.01000000,2025-07-16T07:00:59.551224Z
BITFLYER,FX_BTC_JPY,17583945,0.00600000,17587534,0.01000000,2025-07-16T07:00:59.554207Z
BITFLYER,BTC_JPY,17601432,0.00811300,17609100,0.28830000,2025-07-16T07:00:59.608340Z
GMO,BTC_JPY,17584013,0.01000000,17586388,0.00200000,2025-07-16T07:00:59.657969Z
BITFLYER,FX_BTC_JPY,17583945,0.00600000,17587534,0.01000000,2025-07-16T07:00:59.695557Z
GMO,BTC,17600063,0.04000000,17606033,0.01000000,2025-07-16T07:00:59.695601Z
BITFLYER,BTC_JPY,17601432,0.00811300,17609100,0.28830000,2025-07-16T07:00:59.765909Z
BITFLYER,FX_BTC_JPY,17583945,0.00600000,17587112,0.05933253,2025-07-16T07:00:59.801137Z
BITFLYER,BTC_JPY,17601432,0.00811300,17609100,0.28830000,2025-07-16T07:00:59.893133Z
BITFLYER,FX_BTC_JPY,17583945,0.00600000,17587112,0.05933253,2025-07-16T07:00:59.905092Z
BITFLYER,FX_BTC_JPY,17583945,0.00600000,17587112,0.05933253,2025-07-16T07:01:00.013402Z
BITFLYER,BTC_JPY,17601433,0.03850394,17609100,0.28830000,2025-07-16T07:01:00.029037Z
GMO,BTC,17600063,0.04000000,17606033,0.01000000,2025-07-16T07:01:00.052771Z
BITFLYER,FX_BTC_JPY,17583945,0.00600000,17587111,0.00100000,2025-07-16T07:01:00.117232Z
BITFLYER,BTC_JPY,17601433,0.03850394,17609100,0.28830000,2025-07-16T07:01:00.137101Z
BITFLYER,FX_BTC_JPY,17583945,0.00600000,17587111,0.00100000,2025-07-16T07:01:00.255765Z
BITFLYER,BTC_JPY,17601433,0.03850394,17609100,0.28830000,2025-07-16T07:01:00.260767Z
BITFLYER,FX_BTC_JPY,17583945,0.00600000,17587111,0.00100000,2025-07-16T07:01:00.341919Z
BITFLYER,BTC_JPY,17601433,0.03850394,17609100,0.28830000,2025-07-16T07:01:00.384245Z
BITFLYER,FX_BTC_JPY,17583838,0.02066747,17587111,0.00100000,2025-07-16T07:01:00.445944Z
GMO,BTC_JPY,17584013,0.01000000,17586388,0.00200000,2025-07-16T07:01:00.447002Z
BITFLYER,BTC_JPY,17601609,0.02000000,17609100,0.28830000,2025-07-16T07:01:00.490912Z
GMO,BTC,17600063,0.04000000,17606033,0.01000000,2025-07-16T07:01:00.564822Z
BITFLYER,FX_BTC_JPY,17583838,0.02066747,17587111,0.00100000,2025-07-16T07:01:00.591385Z
BITFLYER,FX_BTC_JPY,17583838,0.02066747,17587111,0.00100000,2025-07-16T07:01:00.727345Z
BITFLYER,BTC_JPY,17601610,0.03862027,17609100,0.28830000,2025-07-16T07:01:00.727506Z
BITFLYER,FX_BTC_JPY,17583838,0.02066747,17587111,0.00100000,2025-07-16T07:01:00.814423Z
BITFLYER,BTC_JPY,17601610,0.03862027,17609100,0.28830000,2025-07-16T07:01:00.886082Z
BITFLYER,FX_BTC_JPY,17583922,0.02785963,17587111,0.00100000,2025-07-16T07:01:00.920888Z
GMO,BTC_JPY,17584013,0.01000000,17585910,0.00800000,2025-07-16T07:01:00.967399Z
BITFLYER,BTC_JPY,17601612,0.02000000,17609100,0.28830000,2025-07-16T07:01:00.975855Z
BITFLYER,FX_BTC_JPY,17583954,0.02000000,17587111,0.00100000,2025-07-16T07:01:01.026397Z
GMO,BTC,17600063,0.04000000,17606033,0.01000000,2025-07-16T07:01:01.064327Z
BITFLYER,FX_BTC_JPY,17583954,0.02000000,17587079,0.01000000,2025-07-16T07:01:01.160633Z
BITFLYER,BTC_JPY,17601609,0.02000000,17609100,0.28830000,2025-07-16T07:01:01.225544Z
BITFLYER,FX_BTC_JPY,17583954,0.02000000,17587079,0.01000000,2025-07-16T07:01:01.265111Z
BITFLYER,BTC_JPY,17601613,0.06082415,17609100,0.28830000,2025-07-16T07:01:01.350606Z
BITFLYER,FX_BTC_JPY,17583954,0.02000000,17587079,0.01000000,2025-07-16T07:01:01.378259Z
GMO,BTC_JPY,17584013,0.01000000,17585791,0.00800000,2025-07-16T07:01:01.466941Z
BITFLYER,BTC_JPY,17601612,0.02000000,17609100,0.28830000,2025-07-16T07:01:01.486498Z
BITFLYER,FX_BTC_JPY,17583954,0.02000000,17587079,0.01000000,2025-07-16T07:01:01.496201Z
GMO,BTC,17600063,0.04000000,17606033,0.01000000,2025-07-16T07:01:01.569719Z
BITFLYER,BTC_JPY,17601612,0.02000000,17609100,0.28830000,2025-07-16T07:01:01.611154Z
BITFLYER,BTC_JPY,17601613,0.03957901,17609100,0.28830000,2025-07-16T07:01:01.720884Z
BITFLYER,FX_BTC_JPY,17585680,0.00100000,17587079,0.01000000,2025-07-16T07:01:01.767238Z
BITFLYER,BTC_JPY,17601615,0.02000000,17609100,0.28830000,2025-07-16T07:01:01.922999Z
GMO,BTC_JPY,17584013,0.01000000,17585673,0.00800000,2025-07-16T07:01:01.959956Z
BITFLYER,FX_BTC_JPY,17585680,0.00100000,17587079,0.01000000,2025-07-16T07:01:02.049131Z
BITFLYER,BTC_JPY,17601610,0.03846901,17609100,0.28830000,2025-07-16T07:01:02.049207Z
GMO,BTC,17600063,0.04000000,17606033,0.01000000,2025-07-16T07:01:02.072622Z
BITFLYER,FX_BTC_JPY,17585680,0.00100000,17587526,0.05061598,2025-07-16T07:01:02.100511Z
BITFLYER,BTC_JPY,17601616,0.05849502,17609100,0.28830000,2025-07-16T07:01:02.145409Z
BITFLYER,FX_BTC_JPY,17585680,0.00100000,17587078,0.00100000,2025-07-16T07:01:02.227212Z
BITFLYER,BTC_JPY,17601609,0.02000000,17609100,0.28830000,2025-07-16T07:01:02.271331Z
BITFLYER,FX_BTC_JPY,17583954,0.01950000,17587078,0.00100000,2025-07-16T07:01:02.426906Z
BITFLYER,BTC_JPY,17601610,0.03939487,17609100,0.28830000,2025-07-16T07:01:02.430119Z
GMO,BTC_JPY,17584013,0.01000000,17585673,0.00800000,2025-07-16T07:01:02.488289Z
BITFLYER,FX_BTC_JPY,17583954,0.01950000,17587078,0.00100000,2025-07-16T07:01:02.530146Z
BITFLYER,BTC_JPY,17601613,0.02000000,17609100,0.28830000,2025-07-16T07:01:02.543481Z
GMO,BTC,17600063,0.04000000,17606033,0.01000000,2025-07-16T07:01:02.578956Z
BITFLYER,BTC_JPY,17601610,0.03939487,17609100,0.28830000,2025-07-16T07:01:02.677964Z
BITFLYER,FX_BTC_JPY,17583954,0.01950000,17586604,0.00645325,2025-07-16T07:01:02.678083Z
