exchange,symbol,ts,bid1,bid1vol,bid2,bid2vol,bid3,bid3vol,bid4,bid4vol,bid5,bid5vol,bid6,bid6vol,bid7,bid7vol,bid8,bid8vol,ask1,ask1vol,ask2,ask2vol,ask3,ask3vol,ask4,ask4vol,ask5,ask5vol,ask6,ask6vol,ask7,ask7vol,ask8,ask8vol
BITFLYER,FX_BTC_JPY,2025-07-16T05:12:27.516727Z,17586850,0.03000000,17586624,0.00100000,17586403,0.00100000,17585503,0.05600000,17585495,0.05870000,17585302,0.05238092,17584254,0.00600000,17584237,0.02000000,17589964,0.02140000,17589965,0.00100000,17589966,0.01500000,17590047,0.09230000,17590048,0.05000000,17590255,0.01000000,17590733,0.00100000,17590734,0.06900000
BITFLYER,BTC_JPY,2025-07-16T05:12:27.485995Z,17591468,0.00966280,17591454,0.01101760,17591453,0.21000000,17591004,0.03102004,17571025,0.02100000,17570146,0.02100000,15829000,0.00100000,,,17599897,0.02000000,17600738,0.02779712,17668314,0.00200000,,,,,,,,,,
BITFLYER,BTC_JPY,2025-07-16T05:12:27.485995Z,17591468,0.00966280,17591454,0.01101760,17591453,0.21000000,17591004,0.03102004,17571025,0.02100000,17570146,0.02100000,15829000,0.00100000,,,17599897,0.02000000,17600738,0.02779712,17668314,0.00200000,,,,,,,,,,
BITFLYER,BTC_JPY,2025-07-16T05:12:27.485995Z,17591468,0.00966280,17591454,0.01101760,17591453,0.21000000,17591004,0.03102004,17571025,0.02100000,17570146,0.02100000,15829000,0.00100000,,,17599897,0.02000000,17600738,0.02779712,17668314,0.00200000,,,,,,,,,,
BITFLYER,BTC_JPY,2025-07-16T05:12:27.485995Z,17591468,0.00966280,17591454,0.01101760,17591453,0.21000000,17591004,0.03102004,17571025,0.02100000,17570146,0.02100000,15829000,0.00100000,,,17599897,0.02000000,17600738,0.02779712,17668314,0.00200000,,,,,,,,,,
BITFLYER,BTC_JPY,2025-07-16T05:12:27.485995Z,17591468,0.00966280,17591454,0.01101760,17591453,0.21000000,17591004,0.03102004,17571025,0.02100000,17570146,0.02100000,15829000,0.00100000,,,17599897,0.02000000,17600738,0.02779712,17668314,0.00200000,,,,,,,,,,
BITFLYER,BTC_JPY,2025-07-16T05:12:27.485995Z,17591468,0.00966280,17591454,0.01101760,17591453,0.21000000,17591004,0.03102004,17571025,0.02100000,17570146,0.02100000,15829000,0.00100000,,,17599897,0.02000000,17600738,0.02779712,17668314,0.00200000,,,,,,,,,,
BITFLYER,BTC_JPY,2025-07-16T05:12:27.485995Z,17591468,0.00966280,17591454,0.01101760,17591453,0.21000000,17591004,0.03102004,17571025,0.02100000,17570146,0.02100000,15829000,0.00100000,,,17599897,0.02000000,17600738,0.02779712,17668314,0.00200000,,,,,,,,,,
BITFLYER,BTC_JPY,2025-07-16T05:12:27.516528Z,17591559,0.24000000,17591454,0.01101760,17591452,0.13866270,17591205,0.03102004,17590373,0.01084160,17589253,0.20000000,17589028,0.01117600,17587780,0.01071840,17599750,0.00100000,17599897,0.02000000,17599900,0.28830000,17599990,0.05000000,17599999,0.33000000,17600000,1.87748700,17600738,0.02779712,17600739,0.00210000
BITFLYER,BTC_JPY,2025-07-16T05:12:27.516528Z,17591559,0.24000000,17591454,0.01101760,17591452,0.13866270,17591205,0.03102004,17590373,0.01084160,17589253,0.20000000,17589028,0.01117600,17587780,0.01071840,17599750,0.00100000,17599897,0.02000000,17599900,0.28830000,17599990,0.05000000,17599999,0.33000000,17600000,1.87748700,17600738,0.02779712,17600739,0.00210000
BITFLYER,FX_BTC_JPY,2025-07-16T05:12:27.516727Z,17586850,0.03000000,17586624,0.00100000,17586403,0.00100000,17585503,0.05600000,17585495,0.05870000,17585302,0.05238092,17584254,0.00600000,17584237,0.02000000,17589964,0.02140000,17589965,0.00100000,17589966,0.01500000,17590047,0.09230000,17590048,0.05000000,17590255,0.01000000,17590733,0.00100000,17590734,0.06900000
BITFLYER,BTC_JPY,2025-07-16T05:12:27.516528Z,17591559,0.24000000,17591454,0.01101760,17591452,0.13866270,17591205,0.03102004,17590373,0.01084160,17589253,0.20000000,17589028,0.01117600,17587780,0.01071840,17599750,0.00100000,17599897,0.02000000,17599900,0.28830000,17599990,0.05000000,17599999,0.33000000,17600000,1.87748700,17600738,0.02779712,17600739,0.00210000
BITFLYER,FX_BTC_JPY,2025-07-16T05:12:27.516727Z,17586850,0.03000000,17586624,0.00100000,17586403,0.00100000,17585503,0.05600000,17585495,0.05870000,17585302,0.05238092,17584254,0.00600000,17584237,0.02000000,17589964,0.02140000,17589965,0.00100000,17589966,0.01500000,17590047,0.09230000,17590048,0.05000000,17590255,0.01000000,17590733,0.00100000,17590734,0.06900000
BITFLYER,BTC_JPY,2025-07-16T05:12:27.516528Z,17591559,0.24000000,17591454,0.01101760,17591452,0.13866270,17591205,0.03102004,17590373,0.01084160,17589253,0.20000000,17589028,0.01117600,17587780,0.01071840,17599750,0.00100000,17599897,0.02000000,17599900,0.28830000,17599990,0.05000000,17599999,0.33000000,17600000,1.87748700,17600738,0.02779712,17600739,0.00210000
BITFLYER,FX_BTC_JPY,2025-07-16T05:12:27.516727Z,17586850,0.03000000,17586624,0.00100000,17586403,0.00100000,17585503,0.05600000,17585495,0.05870000,17585302,0.05238092,17584254,0.00600000,17584237,0.02000000,17589964,0.02140000,17589965,0.00100000,17589966,0.01500000,17590047,0.09230000,17590048,0.05000000,17590255,0.01000000,17590733,0.00100000,17590734,0.06900000
BITFLYER,FX_BTC_JPY,2025-07-16T05:12:27.516727Z,17586850,0.03000000,17586624,0.00100000,17586403,0.00100000,17585503,0.05600000,17585495,0.05870000,17585302,0.05238092,17584254,0.00600000,17584237,0.02000000,17589964,0.02140000,17589965,0.00100000,17589966,0.01500000,17590047,0.09230000,17590048,0.05000000,17590255,0.01000000,17590733,0.00100000,17590734,0.06900000
BITFLYER,BTC_JPY,2025-07-16T05:12:27.516528Z,17591559,0.24000000,17591454,0.01101760,17591452,0.13866270,17591205,0.03102004,17590373,0.01084160,17589253,0.20000000,17589028,0.01117600,17587780,0.01071840,17599750,0.00100000,17599897,0.02000000,17599900,0.28830000,17599990,0.05000000,17599999,0.33000000,17600000,1.87748700,17600738,0.02779712,17600739,0.00210000
BITFLYER,FX_BTC_JPY,2025-07-16T05:12:27.516727Z,17586850,0.03000000,17586624,0.00100000,17586403,0.00100000,17585503,0.05600000,17585495,0.05870000,17585302,0.05238092,17584254,0.00600000,17584237,0.02000000,17589964,0.02140000,17589965,0.00100000,17589966,0.01500000,17590047,0.09230000,17590048,0.05000000,17590255,0.01000000,17590733,0.00100000,17590734,0.06900000
BITFLYER,BTC_JPY,2025-07-16T05:12:27.516528Z,17591559,0.24000000,17591454,0.01101760,17591452,0.13866270,17591205,0.03102004,17590373,0.01084160,17589253,0.20000000,17589028,0.01117600,17587780,0.01071840,17599750,0.00100000,17599897,0.02000000,17599900,0.28830000,17599990,0.05000000,17599999,0.33000000,17600000,1.87748700,17600738,0.02779712,17600739,0.00210000
BITFLYER,FX_BTC_JPY,2025-07-16T05:12:27.516727Z,17586850,0.03000000,17586624,0.00100000,17586403,0.00100000,17585503,0.05600000,17585495,0.05870000,17585302,0.05238092,17584254,0.00600000,17584237,0.02000000,17589964,0.02140000,17589965,0.00100000,17589966,0.01500000,17590047,0.09230000,17590048,0.05000000,17590255,0.01000000,17590733,0.00100000,17590734,0.06900000
BITFLYER,BTC_JPY,2025-07-16T05:12:27.516528Z,17591559,0.24000000,17591454,0.01101760,17591452,0.13866270,17591205,0.03102004,17590373,0.01084160,17589253,0.20000000,17589028,0.01117600,17587780,0.01071840,17599750,0.00100000,17599897,0.02000000,17599900,0.28830000,17599990,0.05000000,17599999,0.33000000,17600000,1.87748700,17600738,0.02779712,17600739,0.00210000
BITFLYER,FX_BTC_JPY,2025-07-16T05:12:27.516727Z,17586850,0.03000000,17586624,0.00100000,17586403,0.00100000,17585503,0.05600000,17585495,0.05870000,17585302,0.05238092,17584254,0.00600000,17584237,0.02000000,17589964,0.02140000,17589965,0.00100000,17589966,0.01500000,17590047,0.09230000,17590048,0.05000000,17590255,0.01000000,17590733,0.00100000,17590734,0.06900000
BITFLYER,BTC_JPY,2025-07-16T05:12:27.516528Z,17591559,0.24000000,17591454,0.01101760,17591452,0.13866270,17591205,0.03102004,17590373,0.01084160,17589253,0.20000000,17589028,0.01117600,17587780,0.01071840,17599750,0.00100000,17599897,0.02000000,17599900,0.28830000,17599990,0.05000000,17599999,0.33000000,17600000,1.87748700,17600738,0.02779712,17600739,0.00210000
BITFLYER,FX_BTC_JPY,2025-07-16T05:12:27.516727Z,17586850,0.03000000,17586624,0.00100000,17586403,0.00100000,17585503,0.05600000,17585495,0.05870000,17585302,0.05238092,17584254,0.00600000,17584237,0.02000000,17589964,0.02140000,17589965,0.00100000,17589966,0.01500000,17590047,0.09230000,17590048,0.05000000,17590255,0.01000000,17590733,0.00100000,17590734,0.06900000
BITFLYER,FX_BTC_JPY,2025-07-16T05:12:27.516727Z,17586850,0.03000000,17586624,0.00100000,17586403,0.00100000,17585503,0.05600000,17585495,0.05870000,17585302,0.05238092,17584254,0.00600000,17584237,0.02000000,17589964,0.02140000,17589965,0.00100000,17589966,0.01500000,17590047,0.09230000,17590048,0.05000000,17590255,0.01000000,17590733,0.00100000,17590734,0.06900000
BITFLYER,BTC_JPY,2025-07-16T05:12:27.516528Z,17591559,0.24000000,17591454,0.01101760,17591452,0.13866270,17591205,0.03102004,17590373,0.01084160,17589253,0.20000000,17589028,0.01117600,17587780,0.01071840,17599750,0.00100000,17599897,0.02000000,17599900,0.28830000,17599990,0.05000000,17599999,0.33000000,17600000,1.87748700,17600738,0.02779712,17600739,0.00210000
BITFLYER,FX_BTC_JPY,2025-07-16T05:12:27.516727Z,17586850,0.03000000,17586624,0.00100000,17586403,0.00100000,17585503,0.05600000,17585495,0.05870000,17585302,0.05238092,17584254,0.00600000,17584237,0.02000000,17589964,0.02140000,17589965,0.00100000,17589966,0.01500000,17590047,0.09230000,17590048,0.05000000,17590255,0.01000000,17590733,0.00100000,17590734,0.06900000
BITFLYER,FX_BTC_JPY,2025-07-16T05:12:27.516727Z,17586850,0.03000000,17586624,0.00100000,17586403,0.00100000,17585503,0.05600000,17585495,0.05870000,17585302,0.05238092,17584254,0.00600000,17584237,0.02000000,17589964,0.02140000,17589965,0.00100000,17589966,0.01500000,17590047,0.09230000,17590048,0.05000000,17590255,0.01000000,17590733,0.00100000,17590734,0.06900000
BITFLYER,BTC_JPY,2025-07-16T05:12:27.516528Z,17591559,0.24000000,17591454,0.01101760,17591452,0.13866270,17591205,0.03102004,17590373,0.01084160,17589253,0.20000000,17589028,0.01117600,17587780,0.01071840,17599750,0.00100000,17599897,0.02000000,17599900,0.28830000,17599990,0.05000000,17599999,0.33000000,17600000,1.87748700,17600738,0.02779712,17600739,0.00210000
BITFLYER,FX_BTC_JPY,2025-07-16T05:12:27.516727Z,17586850,0.03000000,17586624,0.00100000,17586403,0.00100000,17585503,0.05600000,17585495,0.05870000,17585302,0.05238092,17584254,0.00600000,17584237,0.02000000,17589964,0.02140000,17589965,0.00100000,17589966,0.01500000,17590047,0.09230000,17590048,0.05000000,17590255,0.01000000,17590733,0.00100000,17590734,0.06900000
BITFLYER,BTC_JPY,2025-07-16T05:12:27.516528Z,17591559,0.24000000,17591454,0.01101760,17591452,0.13866270,17591205,0.03102004,17590373,0.01084160,17589253,0.20000000,17589028,0.01117600,17587780,0.01071840,17599750,0.00100000,17599897,0.02000000,17599900,0.28830000,17599990,0.05000000,17599999,0.33000000,17600000,1.87748700,17600738,0.02779712,17600739,0.00210000
BITFLYER,FX_BTC_JPY,2025-07-16T05:12:27.516727Z,17586850,0.03000000,17586624,0.00100000,17586403,0.00100000,17585503,0.05600000,17585495,0.05870000,17585302,0.05238092,17584254,0.00600000,17584237,0.02000000,17589964,0.02140000,17589965,0.00100000,17589966,0.01500000,17590047,0.09230000,17590048,0.05000000,17590255,0.01000000,17590733,0.00100000,17590734,0.06900000
BITFLYER,FX_BTC_JPY,2025-07-16T05:12:27.516727Z,17586850,0.03000000,17586624,0.00100000,17586403,0.00100000,17585503,0.05600000,17585495,0.05870000,17585302,0.05238092,17584254,0.00600000,17584237,0.02000000,17589964,0.02140000,17589965,0.00100000,17589966,0.01500000,17590047,0.09230000,17590048,0.05000000,17590255,0.01000000,17590733,0.00100000,17590734,0.06900000
BITFLYER,FX_BTC_JPY,2025-07-16T05:12:27.516727Z,17586850,0.03000000,17586624,0.00100000,17586403,0.00100000,17585503,0.05600000,17585495,0.05870000,17585302,0.05238092,17584254,0.00600000,17584237,0.02000000,17589964,0.02140000,17589965,0.00100000,17589966,0.01500000,17590047,0.09230000,17590048,0.05000000,17590255,0.01000000,17590733,0.00100000,17590734,0.06900000
BITFLYER,BTC_JPY,2025-07-16T05:12:27.516528Z,17591559,0.24000000,17591454,0.01101760,17591452,0.13866270,17591205,0.03102004,17590373,0.01084160,17589253,0.20000000,17589028,0.01117600,17587780,0.01071840,17599750,0.00100000,17599897,0.02000000,17599900,0.28830000,17599990,0.05000000,17599999,0.33000000,17600000,1.87748700,17600738,0.02779712,17600739,0.00210000
BITFLYER,BTC_JPY,2025-07-16T05:12:27.516528Z,17591559,0.24000000,17591454,0.01101760,17591452,0.13866270,17591205,0.03102004,17590373,0.01084160,17589253,0.20000000,17589028,0.01117600,17587780,0.01071840,17599750,0.00100000,17599897,0.02000000,17599900,0.28830000,17599990,0.05000000,17599999,0.33000000,17600000,1.87748700,17600738,0.02779712,17600739,0.00210000
BITFLYER,FX_BTC_JPY,2025-07-16T05:12:27.516727Z,17586850,0.03000000,17586624,0.00100000,17586403,0.00100000,17585503,0.05600000,17585495,0.05870000,17585302,0.05238092,17584254,0.00600000,17584237,0.02000000,17589964,0.02140000,17589965,0.00100000,17589966,0.01500000,17590047,0.09230000,17590048,0.05000000,17590255,0.01000000,17590733,0.00100000,17590734,0.06900000
BITFLYER,FX_BTC_JPY,2025-07-16T05:12:27.516727Z,17586850,0.03000000,17586624,0.00100000,17586403,0.00100000,17585503,0.05600000,17585495,0.05870000,17585302,0.05238092,17584254,0.00600000,17584237,0.02000000,17589964,0.02140000,17589965,0.00100000,17589966,0.01500000,17590047,0.09230000,17590048,0.05000000,17590255,0.01000000,17590733,0.00100000,17590734,0.06900000
BITFLYER,BTC_JPY,2025-07-16T05:12:27.516528Z,17591559,0.24000000,17591454,0.01101760,17591452,0.13866270,17591205,0.03102004,17590373,0.01084160,17589253,0.20000000,17589028,0.01117600,17587780,0.01071840,17599750,0.00100000,17599897,0.02000000,17599900,0.28830000,17599990,0.05000000,17599999,0.33000000,17600000,1.87748700,17600738,0.02779712,17600739,0.00210000
BITFLYER,BTC_JPY,2025-07-16T05:12:27.516528Z,17591559,0.24000000,17591454,0.01101760,17591452,0.13866270,17591205,0.03102004,17590373,0.01084160,17589253,0.20000000,17589028,0.01117600,17587780,0.01071840,17599750,0.00100000,17599897,0.02000000,17599900,0.28830000,17599990,0.05000000,17599999,0.33000000,17600000,1.87748700,17600738,0.02779712,17600739,0.00210000
BITFLYER,FX_BTC_JPY,2025-07-16T05:12:27.516727Z,17586850,0.03000000,17586624,0.00100000,17586403,0.00100000,17585503,0.05600000,17585495,0.05870000,17585302,0.05238092,17584254,0.00600000,17584237,0.02000000,17589964,0.02140000,17589965,0.00100000,17589966,0.01500000,17590047,0.09230000,17590048,0.05000000,17590255,0.01000000,17590733,0.00100000,17590734,0.06900000
BITFLYER,FX_BTC_JPY,2025-07-16T05:12:27.579716Z,17586850,0.03000000,17586658,0.08900000,17586624,0.00100000,17586403,0.00100000,17585503,0.05600000,17585495,0.05870000,17585302,0.05238092,17584254,0.00600000,17589964,0.02140000,17589965,0.00100000,17589966,0.01500000,17590047,0.09230000,17590048,0.05000000,17590255,0.01000000,17590733,0.00100000,17590734,0.06900000
BITFLYER,BTC_JPY,2025-07-16T05:12:27.590095Z,17591649,0.04127000,17591559,0.24000000,17591454,0.01101760,17591452,0.13866270,17591205,0.03102004,17590373,0.01084160,17589253,0.20000000,17589028,0.01117600,17599750,0.00100000,17599897,0.02000000,17599900,0.28830000,17599990,0.05000000,17599999,0.33000000,17600000,1.87748700,17600738,0.02779712,17600739,0.00210000
BITFLYER,FX_BTC_JPY,2025-07-16T05:12:27.701974Z,17586850,0.03000000,17586817,0.03470000,17586658,0.08900000,17586624,0.00100000,17586403,0.03000000,17585503,0.05600000,17585495,0.05870000,17585302,0.05238092,17589964,0.02140000,17589965,0.00100000,17589966,0.00600000,17590047,0.09230000,17590048,0.05000000,17590255,0.01000000,17590733,0.00100000,17590734,0.06900000
BITFLYER,FX_BTC_JPY,2025-07-16T05:12:27.814783Z,17586850,0.03000000,17586706,0.00175000,17586624,0.00100000,17586558,0.05600000,17586509,0.00600000,17586403,0.03000000,17585503,0.05600000,17585495,0.05870000,17588619,0.00600000,17589964,0.02140000,17590047,0.09230000,17590048,0.05000000,17590255,0.01000000,17590726,0.04400000,17590733,0.00100000,17590734,0.06900000
BITFLYER,BTC_JPY,2025-07-16T05:12:27.853378Z,17591649,0.04127000,17591559,0.24000000,17591454,0.01101760,17591452,0.13866270,17591151,0.03102004,17590373,0.01084160,17589253,0.20000000,17589028,0.01117600,17599897,0.01677105,17599900,0.28830000,17599990,0.05000000,17599999,0.33000000,17600000,1.87748700,17600738,0.02779712,17600739,0.00210000,17600767,0.00100000
BITFLYER,FX_BTC_JPY,2025-07-16T05:12:27.933896Z,17586850,0.03000000,17586706,0.00175000,17586624,0.00100000,17586558,0.05600000,17586509,0.00600000,17586403,0.03000000,17585503,0.05600000,17585495,0.05870000,17588619,0.00600000,17589957,0.01900000,17589964,0.02140000,17590047,0.09230000,17590048,0.05000000,17590255,0.01000000,17590726,0.04400000,17590733,0.00100000
BITFLYER,BTC_JPY,2025-07-16T05:12:27.938572Z,17591735,0.03383680,17591649,0.04127000,17591575,0.00966270,17591559,0.24000000,17591454,0.01101760,17591452,0.13866270,17591151,0.03102004,17590373,0.01084160,17599897,0.01677105,17599990,0.05000000,17599999,0.33000000,17600000,1.58918700,17600738,0.02779712,17600739,0.00210000,17600767,0.00100000,17601000,0.00100000
BITFLYER,FX_BTC_JPY,2025-07-16T05:12:28.030799Z,17586850,0.03000000,17586706,0.00175000,17586624,0.00100000,17586558,0.05600000,17586509,0.00600000,17585503,0.05600000,17585495,0.05870000,17585302,0.05238092,17588619,0.00600000,17589957,0.01900000,17589964,0.02140000,17590047,0.09230000,17590048,0.05000000,17590255,0.01000000,17590726,0.04400000,17590733,0.00100000
BITFLYER,BTC_JPY,2025-07-16T05:12:28.041445Z,17591735,0.03383680,17591649,0.04127000,17591575,0.00966270,17591559,0.24000000,17591454,0.01101760,17591452,0.13866270,17591150,0.03102004,17590373,0.01084160,17599897,0.01677105,17599990,0.05000000,17599999,0.33000000,17600000,1.58918700,17600738,0.02779712,17600739,0.00210000,17600767,0.00100000,17601000,0.00100000
BITFLYER,FX_BTC_JPY,2025-07-16T05:12:28.141118Z,17586850,0.03000000,17586706,0.00175000,17586624,0.00100000,17586558,0.05600000,17586509,0.00600000,17585503,0.05600000,17585495,0.05870000,17585302,0.05238092,17588619,0.00600000,17589957,0.01900000,17590047,0.09230000,17590048,0.05000000,17590255,0.01000000,17590726,0.04400000,17590733,0.00100000,17590734,0.06900000
BITFLYER,FX_BTC_JPY,2025-07-16T05:12:28.259466Z,17586850,0.03000000,17586706,0.00175000,17586624,0.00100000,17586558,0.05600000,17586509,0.00600000,17585503,0.05600000,17585495,0.05870000,17585302,0.05238092,17590047,0.01730000,17590048,0.05000000,17590255,0.01000000,17590726,0.04400000,17590733,0.00100000,17590734,0.06900000,17591200,0.00100000,17592030,0.01000000
BITFLYER,BTC_JPY,2025-07-16T05:12:28.268172Z,17591735,0.03383680,17591649,0.04127000,17591575,0.00966270,17591559,0.24000000,17591454,0.01101760,17591452,0.13866270,17591150,0.03102004,17590373,0.01084160,17599897,0.01677105,17599990,0.05000000,17599999,0.33000000,17600000,1.58918700,17600738,0.02779712,17600739,0.00210000,17600767,0.00100000,17601000,0.00100000
BITFLYER,FX_BTC_JPY,2025-07-16T05:12:28.366825Z,17586850,0.03000000,17586706,0.00175000,17586624,0.00100000,17586558,0.05600000,17586509,0.00600000,17585503,0.05600000,17585495,0.05870000,17585302,0.05238092,17590047,0.01730000,17590048,0.05000000,17590255,0.01000000,17590726,0.04400000,17590733,0.00100000,17590734,0.06900000,17591200,0.00100000,17592030,0.01000000
BITFLYER,BTC_JPY,2025-07-16T05:12:28.381588Z,17591825,0.20000000,17591649,0.04127000,17591575,0.00966270,17591454,0.01101760,17591452,0.13866270,17591150,0.03102004,17590373,0.01084160,17589028,0.01117600,17599990,0.05000000,17599999,0.33000000,17600000,1.58918700,17600738,0.02779712,17600739,0.00210000,17600767,0.00100000,17601000,0.00100000,17603028,0.01077120
BITFLYER,FX_BTC_JPY,2025-07-16T05:12:28.472189Z,17587989,0.00600000,17586850,0.03000000,17586706,0.00175000,17586624,0.00100000,17586558,0.05600000,17586509,0.00600000,17585503,0.05600000,17585495,0.05870000,17590047,0.01730000,17590048,0.05000000,17590255,0.01000000,17590726,0.04400000,17590733,0.00100000,17590734,0.06900000,17591200,0.00100000,17592030,0.01000000
BITFLYER,BTC_JPY,2025-07-16T05:12:28.544934Z,17591825,0.20000000,17591738,0.02000000,17591650,0.22000000,17591649,0.04127000,17591575,0.00966270,17591454,0.01101760,17591452,0.13866270,17591150,0.03102004,17599990,0.05000000,17599999,0.33000000,17600000,1.58918700,17600738,0.02779712,17600739,0.00210000,17600767,0.00100000,17601000,0.00100000,17603028,0.01077120
BITFLYER,FX_BTC_JPY,2025-07-16T05:12:28.706109Z,17587989,0.00600000,17586706,0.00175000,17586559,0.06270000,17586558,0.05600000,17584805,0.00877859,17583876,0.01800000,17583856,0.00134000,17583818,0.02000000,17590047,0.01730000,17590726,0.04400000,17590733,0.00100000,17590734,0.06900000,17591200,0.00100000,17592030,0.01000000,17592031,0.00730113,17592080,0.00100000
BITFLYER,FX_BTC_JPY,2025-07-16T05:12:28.706109Z,17587989,0.00600000,17586706,0.00175000,17586559,0.06270000,17586558,0.05600000,17584805,0.00877859,17583876,0.01800000,17583856,0.00134000,17583818,0.02000000,17590047,0.01730000,17590726,0.04400000,17590733,0.00100000,17590734,0.06900000,17591200,0.00100000,17592030,0.01000000,17592031,0.00730113,17592080,0.00100000
BITFLYER,FX_BTC_JPY,2025-07-16T05:12:28.706109Z,17587989,0.00600000,17586706,0.00175000,17586559,0.06270000,17586558,0.05600000,17584805,0.00877859,17583876,0.01800000,17583856,0.00134000,17583818,0.02000000,17590047,0.01730000,17590726,0.04400000,17590733,0.00100000,17590734,0.06900000,17591200,0.00100000,17592030,0.01000000,17592031,0.00730113,17592080,0.00100000
BITFLYER,BTC_JPY,2025-07-16T05:12:28.745972Z,17591825,0.20000000,17591738,0.02000000,17591650,0.22000000,17591649,0.04127000,17591454,0.01101760,17591452,0.13866270,17590373,0.01084160,17589028,0.01117600,17599990,0.05000000,17599999,0.33000000,17600000,1.58918700,17600738,0.02779712,17600739,0.00210000,17600767,0.00100000,17601000,0.00100000,17603028,0.01077120
BITFLYER,FX_BTC_JPY,2025-07-16T05:12:28.814884Z,17587989,0.00600000,17587423,0.03000000,17586706,0.00175000,17586559,0.06270000,17586558,0.05600000,17584805,0.00877859,17583876,0.01800000,17583818,0.02000000,17590047,0.01730000,17590726,0.04400000,17590733,0.00100000,17590734,0.06900000,17591200,0.00100000,17592030,0.01000000,17592031,0.00730113,17592080,0.00100000
BITFLYER,BTC_JPY,2025-07-16T05:12:28.874569Z,17591828,0.02000000,17591825,0.20000000,17591650,0.22000000,17591649,0.04127000,17591454,0.01101760,17591452,0.13866270,17590373,0.01084160,17590012,0.03102004,17599990,0.05000000,17599999,0.33000000,17600000,1.58918700,17600738,0.02779712,17600739,0.00210000,17600767,0.00100000,17601000,0.00100000,17603028,0.01077120
BITFLYER,FX_BTC_JPY,2025-07-16T05:12:28.952430Z,17587989,0.00600000,17587423,0.05020116,17586706,0.00175000,17586559,0.06270000,17586558,0.05600000,17584805,0.00877859,17583876,0.01800000,17583818,0.02000000,17590043,0.02140000,17590047,0.01730000,17590726,0.04400000,17590733,0.00100000,17590734,0.06900000,17591200,0.00100000,17592030,0.01000000,17592031,0.00730113
BITFLYER,BTC_JPY,2025-07-16T05:12:29.008098Z,17591859,0.00966250,17591828,0.02000000,17591825,0.20000000,17591650,0.22000000,17591649,0.04127000,17591454,0.01101760,17591452,0.13866270,17590373,0.01084160,17599990,0.05000000,17599999,0.33000000,17600000,1.58918700,17600738,0.02779712,17600739,0.00210000,17600767,0.00100000,17601000,0.00100000,17603028,0.01077120
BITFLYER,FX_BTC_JPY,2025-07-16T05:12:29.065213Z,17587989,0.00600000,17587423,0.05020116,17586559,0.06270000,17586558,0.05600000,17584805,0.00877859,17583876,0.01800000,17583818,0.02000000,17583431,0.01000000,17590043,0.02140000,17590047,0.01730000,17590726,0.04400000,17590733,0.00100000,17590734,0.06900000,17591200,0.00100000,17592030,0.01000000,17592031,0.00730113
BITFLYER,BTC_JPY,2025-07-16T05:12:29.142188Z,17591859,0.00966250,17591828,0.02000000,17591825,0.20000000,17591650,0.22000000,17591649,0.04127000,17591454,0.01101760,17591452,0.13866270,17591351,0.03102004,17599400,0.28830000,17599990,0.04799981,17599999,0.33000000,17600000,1.58918700,17600738,0.02779712,17600739,0.00210000,17600767,0.00100000,17601000,0.00100000
BITFLYER,FX_BTC_JPY,2025-07-16T05:12:29.161694Z,17587989,0.00600000,17587423,0.05020116,17586600,0.00175000,17586559,0.06270000,17586558,0.05600000,17584805,0.00877859,17583818,0.02000000,17583630,0.01001279,17590043,0.02140000,17590047,0.01730000,17590726,0.04400000,17590733,0.00100000,17590734,0.06900000,17591200,0.00100000,17592030,0.01000000,17592031,0.00730113
BITFLYER,BTC_JPY,2025-07-16T05:12:29.260136Z,17591859,0.00966250,17591828,0.02000000,17591825,0.20000000,17591650,0.22000000,17591649,0.04127000,17591454,0.01101760,17591452,0.13866270,17591408,0.03102004,17599400,0.57660000,17599990,0.04799981,17599999,0.33000000,17600000,1.58918700,17600738,0.02779712,17600739,0.00210000,17600767,0.00100000,17601000,0.00100000
BITFLYER,FX_BTC_JPY,2025-07-16T05:12:29.271574Z,17587989,0.00600000,17587423,0.05020116,17586600,0.00175000,17586559,0.06270000,17586558,0.05600000,17584805,0.00877859,17583818,0.02000000,17583630,0.01001279,17590043,0.02140000,17590047,0.01730000,17590726,0.04400000,17590734,0.06900000,17591200,0.00100000,17592030,0.01000000,17592071,0.02000000,17592080,0.00100000
BITFLYER,FX_BTC_JPY,2025-07-16T05:12:29.377232Z,17587989,0.00600000,17587423,0.05020116,17586600,0.00175000,17586559,0.06270000,17586558,0.05600000,17584805,0.00877859,17583818,0.02000000,17583630,0.01001279,17590043,0.02140000,17590047,0.01730000,17590726,0.04400000,17590734,0.06900000,17591200,0.00100000,17592030,0.01000000,17592071,0.02000000,17592080,0.00100000
BITFLYER,BTC_JPY,2025-07-16T05:12:29.385529Z,17591859,0.00966250,17591828,0.02000000,17591825,0.20000000,17591650,0.22000000,17591649,0.04127000,17591454,0.01101760,17591452,0.13866270,17591354,0.03102004,17599400,0.28830000,17599990,0.04799981,17599999,0.33000000,17600000,1.58918700,17600738,0.02779712,17600739,0.00210000,17600767,0.00100000,17601000,0.00100000
GMO,BTC,2025-07-16T05:12:29.419418Z,17592492,0.04900000,17590420,0.02200000,17590037,0.03000000,17589999,0.05000000,17587063,0.03521000,17586196,0.01000000,17586195,0.00710000,17585881,0.05000000,17592493,0.00124000,17596596,0.03000000,17596690,0.00120000,17598829,0.03000000,17599890,0.02100000,17600000,0.61539000,17601200,0.50000000,17601290,0.05000000
GMO,BTC,2025-07-16T05:12:29.420076Z,17592492,0.14900000,17591170,0.02200000,17590421,0.03000000,17589999,0.05000000,17587063,0.03521000,17586196,0.01000000,17586195,0.00710000,17585881,0.05000000,17592493,0.00124000,17596596,0.03000000,17596690,0.00120000,17599620,0.10000000,17599999,0.03000000,17600000,0.61539000,17600410,0.40000000,17601200,0.50000000
GMO,BTC,2025-07-16T05:12:29.420599Z,17592492,0.14900000,17591170,0.02200000,17590421,0.03000000,17589999,0.05000000,17587063,0.03521000,17586196,0.01000000,17586195,0.00710000,17585881,0.05000000,17592493,0.00124000,17596596,0.03000000,17596690,0.00120000,17599620,0.10000000,17599999,0.03000000,17600000,0.61539000,17600410,0.40000000,17601200,0.50000000
GMO,BTC,2025-07-16T05:12:29.421094Z,17592492,0.14900000,17590725,0.02200000,17590421,0.03000000,17589999,0.05000000,17587064,0.01000000,17587063,0.03521000,17586195,0.00710000,17585881,0.05000000,17592493,0.00124000,17596596,0.03000000,17596690,0.00120000,17599999,0.03000000,17600000,0.61539000,17601200,0.50000000,17601290,0.05000000,17601310,0.00670000
GMO,BTC,2025-07-16T05:12:29.421568Z,17592492,0.14900000,17591171,0.03000000,17590725,0.02200000,17589999,0.05000000,17587064,0.01000000,17587063,0.03521000,17586783,0.03411000,17586195,0.00710000,17592493,0.00124000,17596596,0.03000000,17596690,0.00120000,17599620,0.10000000,17599998,0.03000000,17600000,0.61539000,17600410,0.40000000,17601290,0.05000000
GMO,BTC,2025-07-16T05:12:29.422003Z,17592492,0.13000000,17591172,0.03000000,17590725,0.02200000,17589999,0.05000000,17587065,0.03521000,17587064,0.01000000,17586195,0.00710000,17585881,0.05000000,17592493,0.00124000,17596596,0.03000000,17596690,0.00120000,17599620,0.10000000,17599997,0.03000000,17600000,0.61539000,17600410,0.40000000,17601290,0.05000000
GMO,BTC,2025-07-16T05:12:29.422420Z,17592492,0.13000000,17591400,0.02200000,17591173,0.03000000,17589999,0.05000000,17587066,0.01000000,17587065,0.03521000,17586195,0.00710000,17585881,0.05000000,17592493,0.00124000,17596596,0.03000000,17596690,0.00120000,17599996,0.03000000,17600000,0.61539000,17601290,0.05000000,17601310,0.00670000,17601475,0.02100000
GMO,BTC,2025-07-16T05:12:29.422840Z,17592492,0.14900000,17591405,0.02200000,17590000,0.03000000,17589999,0.05000000,17587067,0.03521000,17587066,0.01000000,17586783,0.03411000,17586195,0.00710000,17592493,0.00124000,17596596,0.03000000,17596886,0.00120000,17599620,0.10000000,17599995,0.03000000,17600000,0.61539000,17601290,0.05000000,17601310,0.00670000
GMO,BTC_JPY,2025-07-16T05:12:29.423332Z,17582859,0.00700000,17582564,0.00300000,17581406,0.02000000,17580821,0.01000000,17580814,0.02000000,17580790,0.02000000,17580359,0.01000000,17579866,0.01800000,17586997,0.00100000,17587000,0.21000000,17588405,0.01300000,17590615,0.00500000,17590651,0.17700000,17591006,0.02000000,17591033,0.02000000,17591491,0.02000000
GMO,BTC,2025-07-16T05:12:29.423657Z,17592492,0.14900000,17591405,0.02200000,17590001,0.03000000,17589999,0.05000000,17587068,0.01000000,17587067,0.03521000,17586783,0.03411000,17586195,0.00710000,17592493,0.00124000,17596596,0.03000000,17596886,0.00120000,17599619,0.03000000,17600000,0.61539000,17600410,0.40000000,17601290,0.05000000,17601310,0.00670000
GMO,BTC_JPY,2025-07-16T05:12:29.423942Z,17582961,0.02000000,17582859,0.00700000,17582564,0.00300000,17581497,0.02000000,17580821,0.01000000,17580814,0.02000000,17579535,0.00100000,17579528,0.02000000,17586997,0.00100000,17587000,0.21000000,17588405,0.01300000,17590615,0.00500000,17590651,0.17700000,17591006,0.02000000,17591033,0.02000000,17591049,0.02000000
GMO,BTC,2025-07-16T05:12:29.424168Z,17592492,0.14900000,17591450,0.02200000,17590001,0.03000000,17589999,0.05000000,17587069,0.03521000,17586784,0.01000000,17586783,0.03411000,17586195,0.00710000,17592493,0.00124000,17596596,0.03000000,17596886,0.00120000,17599619,0.03000000,17599620,0.10000000,17600000,0.61539000,17600410,0.40000000,17601290,0.05000000
GMO,BTC_JPY,2025-07-16T05:12:29.424386Z,17582876,0.00500000,17582859,0.00700000,17582564,0.00300000,17582280,0.02000000,17581407,0.02000000,17580859,0.01300000,17580821,0.01000000,17580814,0.02000000,17586997,0.00100000,17587000,0.21000000,17589535,0.01300000,17590615,0.00500000,17590651,0.17700000,17591006,0.02000000,17591033,0.02000000,17591491,0.02000000
GMO,BTC,2025-07-16T05:12:29.424597Z,17592492,0.14900000,17591450,0.02200000,17590002,0.03000000,17589999,0.05000000,17587070,0.01000000,17587069,0.03521000,17586195,0.00710000,17585887,0.03411000,17592493,0.00124000,17596596,0.03000000,17596834,0.00120000,17599618,0.03000000,17599620,0.10000000,17600000,0.61539000,17600410,0.40000000,17601290,0.05000000
GMO,BTC_JPY,2025-07-16T05:12:29.424809Z,17583173,0.00700000,17582978,0.00500000,17582564,0.00300000,17582328,0.02000000,17581407,0.02000000,17580821,0.01000000,17580814,0.02000000,17580259,0.02000000,17586997,0.00100000,17587000,0.21000000,17588633,0.01300000,17590603,0.00500000,17590651,0.17700000,17591006,0.02000000,17591033,0.02000000,17591285,0.02000000
GMO,BTC,2025-07-16T05:12:29.426070Z,17592492,0.14900000,17591450,0.02200000,17590003,0.03000000,17589999,0.05000000,17587071,0.03521000,17587070,0.01000000,17586195,0.00710000,17585881,0.05000000,17592493,0.00124000,17596596,0.03000000,17596834,0.00120000,17599617,0.03000000,17599620,0.10000000,17600000,0.61539000,17600410,0.40000000,17601290,0.05000000
GMO,BTC_JPY,2025-07-16T05:12:29.429301Z,17583190,0.00500000,17583173,0.00700000,17582564,0.00300000,17582328,0.02000000,17581407,0.02000000,17580866,0.01000000,17580814,0.02000000,17580259,0.02000000,17586997,0.00100000,17587000,0.21000000,17589260,0.01300000,17590603,0.00500000,17590651,0.17700000,17591006,0.02000000,17591033,0.02000000,17591491,0.02000000
GMO,BTC,2025-07-16T05:12:29.429572Z,17592492,0.14900000,17591700,0.02200000,17590004,0.03000000,17589999,0.05000000,17587072,0.01000000,17587071,0.03521000,17586195,0.00710000,17585881,0.05000000,17592493,0.00124000,17596596,0.03000000,17596834,0.00120000,17599616,0.03000000,17600000,0.61539000,17600785,0.02100000,17601290,0.05000000,17601626,0.02000000
BITFLYER,BTC_JPY,2025-07-16T05:12:29.508127Z,17591859,0.00966250,17591828,0.02000000,17591825,0.20000000,17591650,0.22000000,17591649,0.04127000,17591454,0.01101760,17591452,0.13866270,17591354,0.03102004,17599400,0.28830000,17599990,0.04799981,17599999,0.33000000,17600000,1.58918700,17600738,0.02779712,17600739,0.00210000,17600767,0.00100000,17601000,0.00100000
BITFLYER,FX_BTC_JPY,2025-07-16T05:12:29.517365Z,17587423,0.05020116,17586600,0.00175000,17586559,0.06270000,17586558,0.05600000,17584805,0.00877859,17583820,0.01800000,17583818,0.02000000,17583630,0.01001279,17590043,0.02140000,17590047,0.01730000,17590726,0.04400000,17590734,0.06900000,17591200,0.00100000,17592030,0.01000000,17592071,0.02000000,17592080,0.00100000
BITFLYER,FX_BTC_JPY,2025-07-16T05:12:29.616742Z,17587423,0.05020116,17586600,0.00175000,17586559,0.06270000,17586558,0.05600000,17584805,0.00877859,17583820,0.01800000,17583818,0.02000000,17583630,0.01001279,17590043,0.02140000,17590047,0.01730000,17590726,0.04400000,17590734,0.06900000,17591200,0.00100000,17592030,0.01000000,17592071,0.02000000,17592080,0.00100000
BITFLYER,BTC_JPY,2025-07-16T05:12:29.718568Z,17591859,0.00966250,17591828,0.02000000,17591825,0.20000000,17591650,0.22000000,17591649,0.04127000,17591454,0.01101760,17591452,0.13866270,17591354,0.03102004,17599400,0.28830000,17599990,0.04799981,17599999,0.33000000,17600000,1.58918700,17600738,0.02779712,17600739,0.00210000,17600767,0.00100000,17601000,0.00100000
BITFLYER,FX_BTC_JPY,2025-07-16T05:12:29.723211Z,17588061,0.00600000,17587423,0.05020116,17586600,0.00175000,17586559,0.06270000,17586558,0.05600000,17584805,0.00877859,17583820,0.01800000,17583818,0.02000000,17590043,0.02140000,17590047,0.01730000,17590726,0.04400000,17590734,0.06900000,17591200,0.00100000,17592030,0.01000000,17592071,0.02000000,17592080,0.00100000
BITFLYER,BTC_JPY,2025-07-16T05:12:29.810895Z,17591859,0.00966250,17591828,0.02000000,17591825,0.20000000,17591649,0.04127000,17591454,0.01101760,17591452,0.13866270,17591354,0.03102004,17590373,0.01084160,17599400,0.28830000,17599990,0.04799981,17599999,0.33000000,17600000,1.58918700,17600738,0.02779712,17600739,0.00210000,17600767,0.00100000,17601000,0.00100000
BITFLYER,FX_BTC_JPY,2025-07-16T05:12:29.860911Z,17588061,0.00600000,17587432,0.03000000,17587423,0.05020116,17586600,0.00175000,17586559,0.06270000,17586558,0.05600000,17584805,0.00877859,17583820,0.01800000,17590043,0.02140000,17590047,0.01730000,17590726,0.04400000,17590734,0.06900000,17591200,0.00100000,17592030,0.01000000,17592071,0.02000000,17592080,0.00100000
GMO,BTC_JPY,2025-07-16T05:12:30.024308Z,17583190,0.00500000,17582564,0.00300000,17582362,0.02000000,17580866,0.01000000,17580822,0.02000000,17580814,0.02000000,17580234,0.02000000,17579991,0.01000000,17586997,0.00100000,17587000,0.21000000,17589260,0.01300000,17590603,0.00500000,17590651,0.17700000,17591006,0.02000000,17591033,0.02000000,17591491,0.02000000
BITFLYER,FX_BTC_JPY,2025-07-16T05:12:30.024405Z,17588061,0.00600000,17587423,0.05020116,17586600,0.00175000,17586559,0.06270000,17586558,0.05600000,17584805,0.00877859,17583820,0.01800000,17583818,0.02000000,17590047,0.01730000,17590726,0.04400000,17590734,0.06900000,17591200,0.00100000,17592030,0.01000000,17592071,0.02000000,17592080,0.00100000,17592081,0.11456002
GMO,BTC,2025-07-16T05:12:30.146193Z,17592492,0.14900000,17591715,0.02200000,17590005,0.03000000,17589999,0.05000000,17587073,0.03521000,17587072,0.01000000,17586195,0.00710000,17585881,0.05000000,17592493,0.00124000,17596596,0.03000000,17596834,0.00120000,17599615,0.03000000,17599620,0.10000000,17600000,0.61539000,17600410,0.40000000,17600785,0.02100000
BITFLYER,BTC_JPY,2025-07-16T05:12:30.146253Z,17591859,0.00966250,17591828,0.02000000,17591825,0.20000000,17591454,0.01101760,17591452,0.13866270,17591354,0.03102004,17590373,0.01084160,17589028,0.01117600,17599400,0.28830000,17599990,0.04799981,17599999,0.33000000,17600000,1.58918700,17600738,0.02779712,17600739,0.00210000,17600767,0.00100000,17601000,0.00100000
BITFLYER,FX_BTC_JPY,2025-07-16T05:12:30.173612Z,17588061,0.00600000,17587423,0.05020116,17586609,0.01000000,17586600,0.00175000,17586558,0.05600000,17584805,0.00877859,17583820,0.01800000,17583818,0.02000000,17590047,0.01730000,17590726,0.04400000,17590734,0.06900000,17591200,0.00100000,17592030,0.01000000,17592071,0.02000000,17592080,0.00100000,17592081,0.11456002
BITFLYER,BTC_JPY,2025-07-16T05:12:30.231983Z,17591949,0.03942000,17591859,0.00966250,17591828,0.02000000,17591825,0.20000000,17591454,0.01101760,17591452,0.13866270,17591354,0.03102004,17590373,0.01084160,17599400,0.28830000,17599990,0.04799981,17599999,0.33000000,17600000,1.58918700,17600738,0.02779712,17600739,0.00210000,17600767,0.00100000,17601000,0.00100000
BITFLYER,FX_BTC_JPY,2025-07-16T05:12:30.275885Z,17587423,0.05020116,17586609,0.01000000,17584806,0.06270000,17583818,0.02000000,17583430,0.00500000,17583154,0.01094700,17583102,0.01000000,17583094,1.00000000,17588020,0.01130000,17590734,0.06900000,17591200,0.00100000,17592030,0.01000000,17592071,0.02000000,17592080,0.00100000,17592081,0.11456002,17592283,0.02923396
BITFLYER,BTC_JPY,2025-07-16T05:12:30.368064Z,17591949,0.03942000,17591859,0.00966250,17591828,0.02000000,17591825,0.20000000,17591454,0.01101760,17591452,0.13866270,17590373,0.01084160,17589028,0.01117600,17599400,0.28830000,17599990,0.04799981,17599999,0.33000000,17600000,1.58918700,17600738,0.02779712,17600739,0.00210000,17600767,0.00100000,17601000,0.00100000
BITFLYER,FX_BTC_JPY,2025-07-16T05:12:30.432931Z,17587423,0.05020116,17586609,0.01000000,17585655,0.05600000,17584806,0.06270000,17583818,0.02000000,17583797,0.01001279,17583430,0.00500000,17583158,0.00365033,17588020,0.01130000,17590040,0.04400000,17590041,0.02020000,17590734,0.06900000,17591200,0.00100000,17592030,0.01000000,17592071,0.02000000,17592080,0.00100000
BITFLYER,BTC_JPY,2025-07-16T05:12:30.470669Z,17591949,0.03942000,17591859,0.00966250,17591825,0.20000000,17591454,0.01101760,17591452,0.13866270,17590373,0.01084160,17590056,0.03102004,17589028,0.01117600,17599400,0.28830000,17599990,0.04799981,17599999,0.33000000,17600000,1.58918700,17600738,0.02779712,17600739,0.00210000,17600767,0.00100000,17601000,0.00100000
BITFLYER,BTC_JPY,2025-07-16T05:12:30.505599Z,17591949,0.03942000,17591859,0.00966250,17591825,0.20000000,17591454,0.01101760,17591452,0.13866270,17590373,0.01084160,17590056,0.03102004,17589028,0.01117600,17599400,0.28830000,17599990,0.04799981,17599999,0.33000000,17600000,1.58918700,17600738,0.02779712,17600739,0.00210000,17600767,0.00100000,17601000,0.00100000
BITFLYER,FX_BTC_JPY,2025-07-16T05:12:30.505904Z,17587423,0.05020116,17586609,0.01000000,17585655,0.05600000,17584806,0.06270000,17583797,0.01001279,17583430,0.00500000,17583158,0.00365033,17583154,0.01094700,17589417,0.00600000,17590040,0.04400000,17590041,0.02020000,17590734,0.06900000,17591200,0.00100000,17592030,0.01000000,17592071,0.02000000,17592080,0.00100000
GMO,BTC_JPY,2025-07-16T05:12:30.527315Z,17583190,0.00500000,17582565,0.02000000,17582564,0.00300000,17582557,0.02000000,17580866,0.01000000,17580814,0.02000000,17580412,0.02000000,17580183,0.01000000,17586997,0.00100000,17587000,0.21000000,17589260,0.01300000,17590603,0.00500000,17590651,0.17700000,17591006,0.02000000,17591033,0.02000000,17591491,0.02000000
GMO,BTC,2025-07-16T05:12:30.578007Z,17592492,0.14900000,17591715,0.02200000,17590005,0.03000000,17589999,0.05000000,17587074,0.01000000,17587073,0.03521000,17586195,0.00710000,17585881,0.05000000,17592493,0.00124000,17596596,0.03000000,17596834,0.00120000,17599615,0.03000000,17600000,0.61539000,17600785,0.02100000,17601290,0.05000000,17601626,0.02000000
BITFLYER,BTC_JPY,2025-07-16T05:12:30.634974Z,17591949,0.03942000,17591859,0.00966250,17591825,0.20000000,17591454,0.01101760,17591452,0.13866270,17590373,0.01084160,17590056,0.03102004,17589028,0.01117600,17599200,0.28830000,17599400,0.28830000,17599990,0.04799981,17599999,0.33000000,17600000,1.58918700,17600738,0.02779712,17600739,0.00210000,17600767,0.00100000
BITFLYER,FX_BTC_JPY,2025-07-16T05:12:30.636845Z,17584806,0.06270000,17583430,0.00500000,17583158,0.00365033,17583154,0.01094700,17583003,0.02000000,17582785,0.01000000,17582737,0.00200000,17582736,0.10000000,17589417,0.00600000,17589872,0.02000000,17589898,0.01900000,17590039,0.05685458,17590040,0.04400000,17590041,0.02020000,17590734,0.06900000,17591200,0.00100000
BITFLYER,FX_BTC_JPY,2025-07-16T05:12:30.759921Z,17584806,0.06270000,17583430,0.00500000,17583158,0.00365033,17583154,0.01094700,17583003,0.02000000,17582785,0.01000000,17582737,0.00200000,17582736,0.10000000,17586531,0.01130000,17589417,0.00600000,17589872,0.02000000,17589898,0.01900000,17590040,0.04400000,17590041,0.02020000,17590734,0.06900000,17591200,0.00100000
BITFLYER,BTC_JPY,2025-07-16T05:12:30.799558Z,17591952,0.02000000,17591949,0.03942000,17591859,0.00966250,17591825,0.20000000,17591452,0.13866270,17590373,0.01084160,17589825,0.03102004,17589028,0.01117600,17599200,0.28830000,17599400,0.28830000,17599990,0.04799981,17599999,0.33000000,17600000,1.58918700,17600738,0.02779712,17600739,0.00210000,17600767,0.00100000
BITFLYER,FX_BTC_JPY,2025-07-16T05:12:30.853876Z,17583431,0.06870000,17583430,0.00500000,17583158,0.00365033,17583154,0.01094700,17583003,0.02000000,17582785,0.01000000,17582737,0.00200000,17582736,0.10000000,17588464,0.01130000,17589416,0.05785559,17589417,0.00600000,17589872,0.02000000,17589898,0.01900000,17590040,0.04400000,17590041,0.02020000,17590734,0.06900000
BITFLYER,FX_BTC_JPY,2025-07-16T05:12:30.962938Z,17583431,0.06870000,17583430,0.00500000,17583158,0.00365033,17583154,0.01094700,17583003,0.02000000,17582785,0.01000000,17582737,0.00200000,17582736,0.10000000,17589416,0.00100000,17589417,0.00600000,17589872,0.02000000,17589898,0.01900000,17590040,0.04400000,17590041,0.02020000,17590734,0.06900000,17591116,0.02923396
GMO,BTC_JPY,2025-07-16T05:12:31.033668Z,17583207,0.00500000,17580891,0.02000000,17580866,0.01000000,17580183,0.01000000,17579535,0.00100000,17579386,0.02000000,17579174,0.02000000,17579138,0.02000000,17585192,0.02000000,17586990,0.00900000,17586997,0.00100000,17587000,0.21000000,17589044,0.01300000,17590181,0.02000000,17590603,0.00500000,17590651,0.17700000
BITFLYER,BTC_JPY,2025-07-16T05:12:31.052796Z,17591952,0.02000000,17591949,0.03942000,17591859,0.00966250,17591825,0.20000000,17591452,0.13866270,17590373,0.01084160,17589878,0.03102004,17589028,0.01117600,17599200,0.28830000,17599400,0.28830000,17599990,0.04799981,17599999,0.33000000,17600000,1.58918700,17600738,0.02779712,17600739,0.00210000,17600767,0.00100000
GMO,BTC,2025-07-16T05:12:31.083951Z,17592492,0.13000000,17591465,0.02200000,17590006,0.03000000,17589999,0.05000000,17587073,0.03521000,17586196,0.01000000,17586195,0.00710000,17585881,0.05000000,17592493,0.00124000,17594816,0.00120000,17596596,0.03000000,17599614,0.03000000,17599620,0.10000000,17600000,0.61539000,17600410,0.40000000,17600785,0.02100000
BITFLYER,FX_BTC_JPY,2025-07-16T05:12:31.109250Z,17583581,0.01500000,17583431,0.06870000,17583430,0.00500000,17583158,0.00365033,17583154,0.01094700,17583003,0.02000000,17582785,0.01000000,17582737,0.00200000,17587001,0.01130000,17589417,0.00600000,17589872,0.02000000,17589898,0.01900000,17590040,0.04400000,17590041,0.02020000,17590734,0.06900000,17591116,0.02923396
BITFLYER,BTC_JPY,2025-07-16T05:12:31.168421Z,17591952,0.02000000,17591949,0.03942000,17591859,0.00966250,17591825,0.20000000,17591452,0.13866270,17590373,0.01084160,17589878,0.03102004,17589028,0.01117600,17599200,0.28830000,17599400,0.28830000,17599990,0.04799981,17599999,0.33000000,17600000,1.58918700,17600738,0.02779712,17600739,0.00210000,17600767,0.00100000
BITFLYER,FX_BTC_JPY,2025-07-16T05:12:31.233777Z,17585597,0.06870000,17583581,0.01500000,17583158,0.00365033,17583154,0.01094700,17583003,0.02000000,17582785,0.01000000,17582737,0.00200000,17582736,0.10000000,17587001,0.01130000,17589415,0.05786204,17589417,0.00600000,17590040,0.04400000,17590041,0.02020000,17590734,0.06900000,17590863,0.11456002,17591116,0.02923396
BITFLYER,FX_BTC_JPY,2025-07-16T05:12:31.376515Z,17585597,0.06870000,17583581,0.01500000,17583158,0.00365033,17583154,0.01094700,17582737,0.00200000,17582736,0.10000000,17581837,0.01000000,17581836,0.02500000,17589417,0.00600000,17590039,0.01130000,17590040,0.04400000,17590041,0.02020000,17590734,0.06900000,17590863,0.11456002,17591116,0.02923396,17591200,0.00100000
BITFLYER,FX_BTC_JPY,2025-07-16T05:12:31.484590Z,17586345,0.05009332,17585598,0.00100000,17583582,0.06870000,17583581,0.01500000,17583158,0.00365033,17583154,0.01094700,17582737,0.00200000,17582736,0.10000000,17587000,0.05686245,17589417,0.00600000,17590039,0.01130000,17590040,0.04400000,17590041,0.02020000,17590734,0.06900000,17590863,0.11456002,17591116,0.02923396
GMO,BTC_JPY,2025-07-16T05:12:31.539542Z,17581161,0.00500000,17580876,0.01000000,17580867,0.02000000,17579888,0.01500000,17579535,0.00100000,17578830,0.01000000,17578669,0.02000000,17577999,0.02000000,17585192,0.02000000,17586990,0.00900000,17586997,0.00100000,17587000,0.21000000,17587757,0.01300000,17590181,0.02000000,17590268,0.02000000,17590639,0.00500000
GMO,BTC,2025-07-16T05:12:31.588913Z,17592492,0.03950000,17591365,0.02200000,17590006,0.03000000,17589999,0.05000000,17587073,0.03521000,17586196,0.01000000,17586195,0.00710000,17585881,0.05000000,17592493,0.00124000,17594816,0.00120000,17596596,0.03000000,17598830,0.10000000,17599614,0.03000000,17599620,0.10000000,17600000,0.41539000,17600410,0.40000000
BITFLYER,FX_BTC_JPY,2025-07-16T05:12:31.613507Z,17586345,0.05009332,17585598,0.00100000,17583582,0.06870000,17583581,0.01500000,17583158,0.00365033,17583154,0.01094700,17582737,0.00200000,17582736,0.10000000,17587000,0.05686245,17589417,0.00600000,17590039,0.01130000,17590040,0.04400000,17590734,0.06900000,17590863,0.11456002,17591116,0.02923396,17591200,0.00100000
BITFLYER,FX_BTC_JPY,2025-07-16T05:12:31.720015Z,17586346,0.00100000,17586345,0.05009332,17583582,0.06870000,17583158,0.00365033,17583154,0.01094700,17582737,0.00200000,17582736,0.10000000,17581837,0.01000000,17587000,0.05686245,17589417,0.00600000,17590039,0.01130000,17590040,0.04400000,17590734,0.06900000,17590863,0.11456002,17591116,0.02923396,17591200,0.00100000
BITFLYER,BTC_JPY,2025-07-16T05:12:31.776802Z,17591952,0.02000000,17591949,0.03942000,17591859,0.00966250,17591825,0.20000000,17591452,0.13866270,17590373,0.01084160,17589878,0.03102004,17589028,0.01117600,17597066,0.02000000,17599200,0.28830000,17599400,0.28830000,17599990,0.04799981,17599999,0.33000000,17600000,1.58918700,17600738,0.02779712,17600739,0.00210000
BITFLYER,FX_BTC_JPY,2025-07-16T05:12:31.821241Z,17586346,0.00100000,17586345,0.05009332,17583582,0.06870000,17583158,0.00365033,17583154,0.01094700,17582737,0.00200000,17582736,0.10000000,17581837,0.01000000,17587000,0.05686245,17589417,0.00600000,17590039,0.01130000,17590040,0.04400000,17590725,0.02000000,17590734,0.06900000,17590863,0.11456002,17591116,0.02923396
BITFLYER,BTC_JPY,2025-07-16T05:12:31.968725Z,17591952,0.02000000,17591949,0.03942000,17591859,0.00966250,17591825,0.20000000,17591452,0.13866270,17590373,0.01084160,17589878,0.03102004,17589028,0.01117600,17597066,0.02000000,17599200,0.28830000,17599400,0.28830000,17599990,0.04799981,17599999,0.33000000,17600000,1.58918700,17600738,0.02779712,17600739,0.00210000
BITFLYER,FX_BTC_JPY,2025-07-16T05:12:31.968931Z,17586345,0.05009332,17583582,0.06870000,17583158,0.00365033,17583154,0.01094700,17582737,0.00200000,17582736,0.10000000,17581837,0.01000000,17581836,0.02500000,17587000,0.05686245,17589417,0.00600000,17589973,0.01900000,17590031,0.02000000,17590037,0.02000000,17590039,0.01130000,17590040,0.04400000,17590725,0.02000000
GMO,BTC_JPY,2025-07-16T05:12:32.042024Z,17580231,0.02000000,17580184,0.02000000,17579535,0.00100000,17579393,0.01000000,17579175,0.02000000,17578830,0.01000000,17578156,0.02000000,17578031,0.02000000,17586990,0.00900000,17586997,0.00100000,17587000,0.21000000,17588032,0.01300000,17590181,0.02000000,17590639,0.00500000,17590650,0.02400000,17590651,0.17700000
BITFLYER,BTC_JPY,2025-07-16T05:12:32.060340Z,17591952,0.02000000,17591949,0.03942000,17591859,0.00966250,17591825,0.20000000,17591452,0.13866270,17590373,0.01084160,17589854,0.03102004,17589028,0.01117600,17597066,0.02000000,17599200,0.28830000,17599400,0.28830000,17599990,0.04799981,17599999,0.33000000,17600000,1.58918700,17600738,0.02779712,17600739,0.00210000
GMO,BTC,2025-07-16T05:12:32.092475Z,17592492,0.04900000,17591365,0.02200000,17590007,0.03000000,17589999,0.05000000,17587073,0.03521000,17586195,0.00710000,17585881,0.05000000,17584265,0.03412000,17592493,0.00124000,17594816,0.00120000,17596596,0.03000000,17599613,0.03000000,17600000,0.41539000,17600410,0.40000000,17600785,0.02100000,17601200,0.50000000
BITFLYER,FX_BTC_JPY,2025-07-16T05:12:32.131129Z,17586345,0.05009332,17583582,0.06870000,17583158,0.00365033,17583154,0.01094700,17582736,0.10000000,17581837,0.01000000,17581836,0.02500000,17581626,0.01001279,17587000,0.05686245,17589417,0.00600000,17589973,0.01900000,17590031,0.02000000,17590037,0.02000000,17590039,0.01130000,17590040,0.04400000,17590725,0.02000000
BITFLYER,FX_BTC_JPY,2025-07-16T05:12:32.236851Z,17586345,0.05009332,17583582,0.06870000,17583158,0.00365033,17583154,0.01094700,17582736,0.10000000,17581837,0.01000000,17581836,0.02500000,17581626,0.01001279,17587000,0.05686245,17589417,0.00600000,17589973,0.01900000,17590031,0.02000000,17590037,0.02000000,17590039,0.01130000,17590040,0.04400000,17590725,0.02000000
BITFLYER,FX_BTC_JPY,2025-07-16T05:12:32.404185Z,17586345,0.05009332,17583582,0.06870000,17583158,0.00365033,17583154,0.00364587,17582736,0.10000000,17581837,0.01000000,17581836,0.02500000,17581626,0.01001279,17587000,0.05686245,17589417,0.00600000,17589973,0.01900000,17590031,0.02000000,17590037,0.02000000,17590039,0.01130000,17590040,0.04400000,17590725,0.02000000
BITFLYER,FX_BTC_JPY,2025-07-16T05:12:32.507536Z,17586345,0.05009332,17583582,0.06870000,17583158,0.00365033,17583154,0.00364587,17582736,0.10000000,17581846,0.02000000,17581837,0.01000000,17581836,0.02500000,17587000,0.05586245,17589417,0.00600000,17589973,0.01900000,17590031,0.02000000,17590039,0.01130000,17590040,0.04400000,17590694,0.00365034,17590725,0.02000000
GMO,BTC_JPY,2025-07-16T05:12:32.548321Z,17581178,0.00500000,17581172,0.00500000,17581162,0.05300000,17580261,0.02000000,17580242,0.01000000,17580184,0.02000000,17579535,0.00100000,17579175,0.02000000,17585182,0.00900000,17586971,0.02000000,17586997,0.00100000,17587000,0.21000000,17587146,0.01300000,17589770,0.02000000,17590181,0.02000000,17590639,0.00500000
BITFLYER,BTC_JPY,2025-07-16T05:12:32.560333Z,17591952,0.02000000,17591949,0.03942000,17591859,0.00966250,17591825,0.20000000,17591452,0.13866270,17590373,0.01084160,17589854,0.03102004,17589028,0.01117600,17599200,0.28830000,17599400,0.28830000,17599990,0.04799981,17599999,0.33000000,17600000,1.58918700,17600738,0.02779712,17600739,0.00210000,17600767,0.00100000
GMO,BTC,2025-07-16T05:12:32.598399Z,17592492,0.04900000,17590300,0.02200000,17590007,0.03000000,17589999,0.05000000,17587073,0.03521000,17586195,0.00710000,17585881,0.05000000,17584266,0.01000000,17592493,0.00124000,17594816,0.00120000,17596596,0.03000000,17598830,0.10000000,17599613,0.03000000,17599620,0.40000000,17600000,0.41539000,17600410,0.40000000
BITFLYER,FX_BTC_JPY,2025-07-16T05:12:32.607741Z,17586345,0.05009332,17583582,0.06870000,17583158,0.00365033,17583154,0.00364587,17582736,0.10000000,17581846,0.02000000,17581837,0.01000000,17581836,0.02500000,17587000,0.05586245,17589417,0.00600000,17590031,0.02000000,17590039,0.01130000,17590040,0.04400000,17590694,0.00365034,17590725,0.02000000,17590734,0.06900000
BITFLYER,BTC_JPY,2025-07-16T05:12:32.774078Z,17591952,0.02000000,17591859,0.00966250,17591825,0.20000000,17591452,0.13866270,17590373,0.01084160,17589028,0.01117600,17587780,0.01071840,17585686,0.00111524,17599200,0.28830000,17599400,0.28830000,17599990,0.04799981,17599999,0.33000000,17600000,1.58918700,17600738,0.02779712,17600739,0.00210000,17600767,0.00100000
BITFLYER,FX_BTC_JPY,2025-07-16T05:12:32.774248Z,17586345,0.05009332,17584091,0.01000000,17583582,0.06870000,17583158,0.00365033,17583154,0.00364587,17582736,0.10000000,17581846,0.02000000,17581837,0.01000000,17587000,0.05586245,17589417,0.00600000,17590031,0.02000000,17590039,0.01130000,17590040,0.04400000,17590694,0.00365034,17590725,0.02000000,17590734,0.06900000
BITFLYER,BTC_JPY,2025-07-16T05:12:32.842069Z,17592042,0.03976000,17591952,0.02000000,17591859,0.00966250,17591825,0.20000000,17591452,0.13866270,17590373,0.01084160,17589878,0.03102004,17589028,0.01117600,17599200,0.28830000,17599400,0.28830000,17599990,0.04799981,17599999,0.33000000,17600000,1.58918700,17600738,0.02779712,17600739,0.00210000,17600767,0.00100000
BITFLYER,FX_BTC_JPY,2025-07-16T05:12:32.907293Z,17586345,0.05009332,17584945,0.05600000,17584091,0.01000000,17583582,0.06870000,17583158,0.00365033,17583154,0.00364587,17582736,0.10000000,17581846,0.02000000,17587000,0.00006245,17589417,0.00600000,17590024,0.04400000,17590031,0.02000000,17590039,0.01130000,17590694,0.00365034,17590725,0.02000000,17590734,0.06900000
BITFLYER,BTC_JPY,2025-07-16T05:12:33.056607Z,17592042,0.03976000,17591952,0.02000000,17591859,0.00966250,17591825,0.20000000,17591452,0.13866270,17590373,0.01084160,17589878,0.03102004,17589028,0.01117600,17599200,0.28830000,17599400,0.28830000,17599990,0.04799981,17599999,0.33000000,17600000,1.58918700,17600738,0.02779712,17600739,0.00210000,17600767,0.00100000
BITFLYER,FX_BTC_JPY,2025-07-16T05:12:33.056873Z,17586345,0.05009332,17584945,0.05600000,17584091,0.01000000,17583582,0.06870000,17583158,0.00365033,17582736,0.10000000,17581846,0.02000000,17581837,0.01000000,17587000,0.00006245,17589417,0.00600000,17590024,0.04400000,17590031,0.02000000,17590039,0.01130000,17590694,0.00365034,17590725,0.02000000,17590734,0.06900000
GMO,BTC_JPY,2025-07-16T05:12:33.057Z,17581162,0.04400000,17580443,0.00700000,17580248,0.00500000,17580242,0.01000000,17580233,0.02000000,17579544,0.01000000,17579535,0.00100000,17579394,0.02000000,17585182,0.00900000,17586971,0.02000000,17586997,0.00100000,17587000,0.21000000,17587146,0.01300000,17589770,0.02000000,17590181,0.02000000,17590639,0.00500000
GMO,BTC,2025-07-16T05:12:33.100315Z,17592492,0.04900000,17590300,0.02200000,17590008,0.03000000,17589999,0.05000000,17587073,0.03521000,17586196,0.01000000,17586195,0.00710000,17585881,0.05000000,17592493,0.00124000,17594462,0.00120000,17596596,0.03000000,17599612,0.03000000,17600000,0.41539000,17600410,0.40000000,17600780,0.02100000,17601200,0.50000000
BITFLYER,BTC_JPY,2025-07-16T05:12:33.118117Z,17592042,0.03976000,17591859,0.00966250,17591825,0.20000000,17591452,0.13866270,17590373,0.01084160,17589882,0.03102004,17589028,0.01117600,17587780,0.01071840,17599197,0.02000000,17599200,0.28830000,17599400,0.28830000,17599990,0.04799981,17599999,0.33000000,17600000,1.58918700,17600738,0.02779712,17600739,0.00210000
BITFLYER,FX_BTC_JPY,2025-07-16T05:12:33.154819Z,17586345,0.05009332,17584945,0.05600000,17584091,0.01000000,17583582,0.06870000,17583158,0.00365033,17582736,0.10000000,17581846,0.02000000,17581837,0.01000000,17587000,0.00006245,17589417,0.00600000,17590024,0.04400000,17590031,0.02000000,17590039,0.01130000,17590694,0.00365034,17590725,0.02000000,17590734,0.06900000
BITFLYER,FX_BTC_JPY,2025-07-16T05:12:33.265059Z,17586345,0.05009332,17584945,0.05600000,17584903,0.03000000,17584091,0.01000000,17583582,0.06870000,17583158,0.00365033,17582736,0.10000000,17581846,0.02000000,17589417,0.00600000,17590024,0.04400000,17590039,0.01130000,17590694,0.00365034,17590725,0.02000000,17590734,0.06900000,17590863,0.11456002,17591116,0.02923396
BITFLYER,BTC_JPY,2025-07-16T05:12:33.348081Z,17592042,0.03976000,17591859,0.00966250,17591825,0.20000000,17591452,0.13866270,17590373,0.01084160,17589756,0.03102004,17589028,0.01117600,17587780,0.01071840,17599197,0.02000000,17599200,0.28830000,17599400,0.28830000,17599990,0.04799981,17599999,0.33000000,17600000,1.58918700,17600738,0.02779712,17600739,0.00210000
BITFLYER,FX_BTC_JPY,2025-07-16T05:12:33.398182Z,17586345,0.05009332,17584945,0.05600000,17584091,0.01000000,17583582,0.06870000,17582736,0.10000000,17581846,0.02000000,17581836,0.02500000,17581626,0.01001279,17589415,0.02050000,17589417,0.00600000,17590024,0.04400000,17590039,0.01130000,17590694,0.00365034,17590725,0.02000000,17590734,0.06900000,17590863,0.11456002
BITFLYER,FX_BTC_JPY,2025-07-16T05:12:33.550388Z,17586345,0.05009332,17584945,0.05600000,17584091,0.01000000,17583582,0.06870000,17582736,0.10000000,17581846,0.02000000,17581836,0.02500000,17581626,0.01001279,17587993,0.01130000,17589324,0.00900000,17589415,0.02050000,17589417,0.00600000,17590024,0.04400000,17590694,0.00365034,17590725,0.02000000,17590734,0.06900000
BITFLYER,FX_BTC_JPY,2025-07-16T05:12:33.550388Z,17586345,0.05009332,17584945,0.05600000,17584091,0.01000000,17583582,0.06870000,17582736,0.10000000,17581846,0.02000000,17581836,0.02500000,17581626,0.01001279,17587993,0.01130000,17589324,0.00900000,17589415,0.02050000,17589417,0.00600000,17590024,0.04400000,17590694,0.00365034,17590725,0.02000000,17590734,0.06900000
GMO,BTC_JPY,2025-07-16T05:12:33.566707Z,17581179,0.00800000,17581162,0.04400000,17580233,0.02000000,17579535,0.00100000,17579394,0.02000000,17579175,0.02000000,17578116,0.02000000,17577999,0.02000000,17585182,0.00900000,17586964,0.01000000,17586971,0.02000000,17586997,0.00100000,17587000,0.21000000,17587146,0.01300000,17589770,0.02000000,17590181,0.02000000
BITFLYER,FX_BTC_JPY,2025-07-16T05:12:33.696556Z,17586345,0.05009332,17584945,0.05600000,17584091,0.01000000,17583582,0.06870000,17582736,0.10000000,17581846,0.02000000,17581836,0.02500000,17581626,0.01001279,17589414,0.00100000,17589415,0.02050000,17589417,0.00600000,17590024,0.04400000,17590694,0.00365034,17590725,0.02000000,17590734,0.06900000,17590863,0.11456002
BITFLYER,FX_BTC_JPY,2025-07-16T05:12:33.772377Z,17586345,0.05009332,17584945,0.05600000,17584091,0.01000000,17583582,0.06870000,17582736,0.10000000,17581846,0.02000000,17581836,0.02500000,17581397,0.01459733,17589415,0.02050000,17589417,0.00600000,17590023,0.01130000,17590024,0.04400000,17590694,0.00365034,17590725,0.02000000,17590734,0.06900000,17590863,0.11456002
BITFLYER,BTC_JPY,2025-07-16T05:12:33.805823Z,17591859,0.00966250,17591825,0.20000000,17591452,0.13866270,17590373,0.01084160,17589756,0.03102004,17589028,0.01117600,17587780,0.01071840,17585686,0.00111524,17599197,0.02000000,17599200,0.28830000,17599400,0.28830000,17599990,0.04799981,17599999,0.33000000,17600000,1.58918700,17600738,0.02779712,17600739,0.00210000
BITFLYER,FX_BTC_JPY,2025-07-16T05:12:33.867744Z,17584945,0.05600000,17584091,0.01000000,17583582,0.06870000,17582736,0.10000000,17582705,0.01001279,17581846,0.02000000,17581836,0.02500000,17581397,0.01459733,17589415,0.02050000,17589417,0.00600000,17590023,0.01130000,17590024,0.04400000,17590694,0.00365034,17590725,0.02000000,17590734,0.06900000,17590863,0.11456002
BITFLYER,FX_BTC_JPY,2025-07-16T05:12:34.110759Z,17585972,0.05064258,17585616,0.06870000,17584995,0.01000000,17584945,0.05600000,17582736,0.10000000,17582705,0.01001279,17581846,0.02000000,17581836,0.02500000,17589415,0.02050000,17589417,0.00600000,17590023,0.01130000,17590024,0.04400000,17590694,0.00365034,17590725,0.02000000,17590734,0.06900000,17590863,0.11456002
BITFLYER,BTC_JPY,2025-07-16T05:12:34.032247Z,17592132,0.04096000,17591859,0.00966250,17591825,0.20000000,17591452,0.13866270,17590373,0.01084160,17589028,0.01117600,17587780,0.01071840,17585686,0.00111524,17599197,0.02000000,17599200,0.28830000,17599400,0.28830000,17599990,0.04799981,17599999,0.33000000,17600000,1.58918700,17600738,0.02779712,17600739,0.00210000
GMO,BTC_JPY,2025-07-16T05:12:34.074019Z,17581179,0.00800000,17581162,0.04400000,17580856,0.02000000,17579535,0.00100000,17579394,0.02000000,17579175,0.02000000,17578758,0.02000000,17578679,0.01300000,17586964,0.01000000,17586996,0.02000000,17586997,0.00100000,17587000,0.21000000,17587146,0.01300000,17589770,0.02000000,17589987,0.00300000,17590025,0.00300000
GMO,BTC,2025-07-16T05:12:34.110330Z,17592492,0.04900000,17590301,0.03000000,17590300,0.02200000,17589999,0.05000000,17587073,0.03521000,17586196,0.01000000,17586195,0.00710000,17585881,0.05000000,17592493,0.00124000,17594470,0.00120000,17596596,0.03000000,17599611,0.03000000,17599620,0.40000000,17600000,0.41539000,17600410,0.40000000,17600680,0.02100000
BITFLYER,FX_BTC_JPY,2025-07-16T05:12:34.110759Z,17585972,0.05064258,17585616,0.06870000,17584995,0.01000000,17584945,0.05600000,17582736,0.10000000,17582705,0.01001279,17581846,0.02000000,17581836,0.02500000,17589415,0.02050000,17589417,0.00600000,17590023,0.01130000,17590024,0.04400000,17590694,0.00365034,17590725,0.02000000,17590734,0.06900000,17590863,0.11456002
BITFLYER,BTC_JPY,2025-07-16T05:12:34.150769Z,17592132,0.04096000,17591859,0.00966250,17591825,0.20000000,17591452,0.13866270,17590373,0.01084160,17589514,0.03102004,17589028,0.01117600,17587780,0.01071840,17599197,0.02000000,17599200,0.28830000,17599400,0.28830000,17599990,0.04799981,17599999,0.33000000,17600000,1.58918700,17600738,0.02779712,17600739,0.00210000
BITFLYER,FX_BTC_JPY,2025-07-16T05:12:34.217940Z,17585972,0.05064258,17585616,0.06870000,17584995,0.01000000,17584945,0.05600000,17582736,0.10000000,17582705,0.01001279,17581846,0.02000000,17581836,0.02500000,17589415,0.02050000,17589417,0.00600000,17590023,0.01130000,17590024,0.04400000,17590694,0.00365034,17590725,0.02000000,17590734,0.06900000,17590863,0.11456002
BITFLYER,BTC_JPY,2025-07-16T05:12:34.274573Z,17592132,0.04096000,17591859,0.00966250,17591825,0.20000000,17591452,0.13866270,17590373,0.01084160,17589605,0.03102004,17589028,0.01117600,17587780,0.01071840,17599197,0.02000000,17599200,0.28830000,17599400,0.28830000,17599990,0.04799981,17599999,0.33000000,17600000,1.58918700,17600738,0.02779712,17600739,0.00210000
BITFLYER,FX_BTC_JPY,2025-07-16T05:12:34.427927Z,17585972,0.05064258,17585616,0.06870000,17584995,0.01000000,17584945,0.05600000,17582736,0.10000000,17582705,0.01001279,17581847,0.00200000,17581846,0.02000000,17589415,0.02050000,17589417,0.00600000,17590023,0.01130000,17590024,0.04400000,17590694,0.00365034,17590725,0.02000000,17590734,0.06900000,17590863,0.11456002
BITFLYER,BTC_JPY,2025-07-16T05:12:34.423497Z,17592132,0.04096000,17591859,0.00966250,17591825,0.20000000,17591452,0.13866270,17590373,0.01084160,17589605,0.03102004,17589028,0.01117600,17587780,0.01071840,17599197,0.02000000,17599200,0.28830000,17599400,0.28830000,17599990,0.04799981,17599999,0.33000000,17600000,1.58918700,17600738,0.02779712,17600739,0.00210000
BITFLYER,FX_BTC_JPY,2025-07-16T05:12:34.427927Z,17585972,0.05064258,17585616,0.06870000,17584995,0.01000000,17584945,0.05600000,17582736,0.10000000,17582705,0.01001279,17581847,0.00200000,17581846,0.02000000,17589415,0.02050000,17589417,0.00600000,17590023,0.01130000,17590024,0.04400000,17590694,0.00365034,17590725,0.02000000,17590734,0.06900000,17590863,0.11456002
GMO,BTC_JPY,2025-07-16T05:12:34.444094Z,17581196,0.00500000,17581179,0.00300000,17581050,0.02000000,17580234,0.04000000,17579535,0.00100000,17578908,0.01000000,17578728,0.02000000,17577999,0.02000000,17586964,0.01000000,17586997,0.00100000,17587000,0.21000000,17587896,0.01300000,17589987,0.00300000,17590025,0.00300000,17590181,0.02000000,17590485,0.02400000
GMO,BTC,2025-07-16T05:12:34.477383Z,17592492,0.04900000,17590301,0.03000000,17590300,0.02200000,17589999,0.05000000,17587073,0.03521000,17586196,0.01000000,17586195,0.00710000,17585881,0.05000000,17592493,0.00124000,17594470,0.00120000,17596596,0.03000000,17599611,0.03000000,17599620,0.40000000,17600000,0.41539000,17600410,0.40000000,17600680,0.02100000
BITFLYER,FX_BTC_JPY,2025-07-16T05:12:34.532597Z,17585972,0.05064258,17585616,0.06870000,17584995,0.01000000,17584945,0.05600000,17582736,0.10000000,17582705,0.01001279,17581847,0.00200000,17581846,0.02000000,17589415,0.02050000,17589417,0.00600000,17590023,0.01130000,17590024,0.04400000,17590694,0.00365034,17590725,0.02000000,17590734,0.06900000,17590863,0.11456002
BITFLYER,BTC_JPY,2025-07-16T05:12:34.590592Z,17592132,0.04096000,17591859,0.00966250,17591825,0.20000000,17591452,0.13866270,17590373,0.01084160,17589605,0.03102004,17589028,0.01117600,17587780,0.01071840,17599197,0.02000000,17599200,0.28830000,17599400,0.28830000,17599990,0.04799981,17599999,0.33000000,17600000,1.58918700,17600738,0.02779712,17600739,0.00210000
GMO,BTC,2025-07-16T05:12:34.613473Z,17592492,0.14900000,17590302,0.03000000,17590300,0.02200000,17589999,0.05000000,17587073,0.03521000,17586196,0.01000000,17586195,0.00710000,17585881,0.05000000,17592493,0.00124000,17595531,0.00120000,17596596,0.03000000,17599611,0.03000000,17600000,0.41539000,17600410,0.40000000,17600680,0.02100000,17601200,0.50000000
BITFLYER,FX_BTC_JPY,2025-07-16T05:12:34.652529Z,17585972,0.05064258,17585616,0.06870000,17584995,0.01000000,17584945,0.05600000,17582736,0.10000000,17582705,0.01001279,17581847,0.00200000,17581846,0.02000000,17588004,0.01130000,17589415,0.02050000,17589417,0.00600000,17590024,0.04400000,17590694,0.00365034,17590725,0.02000000,17590734,0.06900000,17590863,0.11456002
BITFLYER,BTC_JPY,2025-07-16T05:12:34.748352Z,17592133,0.02000000,17592132,0.04096000,17591859,0.00966250,17591825,0.20000000,17591452,0.13866270,17590373,0.01084160,17589605,0.03102004,17589028,0.01117600,17599197,0.02000000,17599200,0.28830000,17599400,0.28830000,17599990,0.04799981,17599999,0.33000000,17600000,1.58918700,17600738,0.02779712,17600739,0.00210000
BITFLYER,FX_BTC_JPY,2025-07-16T05:12:34.753668Z,17586018,0.00175000,17585972,0.05064258,17585616,0.06870000,17584995,0.01000000,17584945,0.05600000,17582736,0.10000000,17582705,0.01001279,17581847,0.00200000,17588004,0.01130000,17589415,0.02050000,17589417,0.00600000,17590024,0.04400000,17590685,0.02000000,17590694,0.00365034,17590725,0.02000000,17590734,0.06900000
BITFLYER,FX_BTC_JPY,2025-07-16T05:12:34.875246Z,17586018,0.00175000,17585972,0.05064258,17585616,0.06870000,17584995,0.01000000,17584945,0.05600000,17582736,0.10000000,17582705,0.01001279,17581847,0.00200000,17589415,0.02050000,17589417,0.00600000,17590023,0.01130000,17590024,0.04400000,17590685,0.02000000,17590694,0.00365034,17590725,0.02000000,17590734,0.06900000
BITFLYER,FX_BTC_JPY,2025-07-16T05:12:34.997167Z,17586018,0.00175000,17585972,0.05064258,17585616,0.06870000,17584995,0.01000000,17584945,0.05600000,17582736,0.10000000,17582705,0.01001279,17581847,0.00200000,17589415,0.02050000,17589417,0.00600000,17590023,0.01130000,17590024,0.04400000,17590685,0.02000000,17590694,0.00365034,17590725,0.02000000,17590734,0.06900000
BITFLYER,BTC_JPY,2025-07-16T05:12:35.000807Z,17592133,0.02000000,17591859,0.00966250,17591825,0.20000000,17591452,0.13866270,17590373,0.01084160,17589882,0.03102004,17589028,0.01117600,17587780,0.01071840,17599197,0.02000000,17599200,0.28830000,17599400,0.28830000,17599990,0.04799981,17599999,0.33000000,17600000,1.58918700,17600738,0.02779712,17600739,0.00210000
GMO,BTC_JPY,2025-07-16T05:12:35.066207Z,17581196,0.00500000,17581179,0.00300000,17580411,0.02000000,17580241,0.01000000,17579535,0.00100000,17579463,0.01700000,17579395,0.02000000,17578946,0.01300000,17586996,0.02000000,17586997,0.00100000,17587000,0.21000000,17587417,0.01300000,17589464,0.01700000,17589987,0.00300000,17590025,0.00300000,17590041,0.02000000
BITFLYER,FX_BTC_JPY,2025-07-16T05:12:35.100397Z,17586019,0.00100000,17586018,0.00175000,17586012,0.01000000,17585972,0.05064258,17585616,0.06870000,17584945,0.05600000,17582736,0.10000000,17582705,0.01001279,17589415,0.02050000,17589417,0.00600000,17590023,0.01130000,17590024,0.04400000,17590685,0.02000000,17590694,0.00365034,17590725,0.02000000,17590734,0.06900000
BITFLYER,BTC_JPY,2025-07-16T05:12:35.117737Z,17592223,0.03877000,17592133,0.02000000,17591859,0.00966250,17591825,0.20000000,17591452,0.13866270,17590373,0.01084160,17589882,0.03102004,17589028,0.01117600,17599197,0.02000000,17599200,0.28830000,17599400,0.28830000,17599990,0.04799981,17599999,0.33000000,17600000,1.59918700,17600738,0.02779712,17600739,0.00210000
GMO,BTC,2025-07-16T05:12:35.117787Z,17592492,0.14900000,17590303,0.03000000,17590300,0.02200000,17589999,0.05000000,17587073,0.03521000,17586196,0.01000000,17586195,0.00710000,17585881,0.05000000,17592493,0.00124000,17595531,0.00120000,17596596,0.03000000,17599610,0.03000000,17600000,0.41539000,17600410,0.50000000,17600680,0.02100000,17601200,0.50000000
BITFLYER,FX_BTC_JPY,2025-07-16T05:12:35.212300Z,17586019,0.00100000,17586018,0.00175000,17586012,0.01000000,17585972,0.05064258,17585616,0.06870000,17584945,0.05600000,17582736,0.10000000,17582705,0.01001279,17589415,0.02050000,17589417,0.00600000,17590023,0.01130000,17590024,0.04400000,17590685,0.02000000,17590694,0.00365034,17590725,0.02000000,17590734,0.06900000
BITFLYER,FX_BTC_JPY,2025-07-16T05:12:35.320490Z,17586019,0.00100000,17586018,0.00175000,17586012,0.01000000,17585972,0.05064258,17585616,0.06870000,17585004,0.01000000,17582736,0.10000000,17582705,0.01001279,17589415,0.02050000,17589417,0.00600000,17590023,0.01130000,17590024,0.04400000,17590685,0.02000000,17590694,0.00365034,17590725,0.02000000,17590734,0.06900000
BITFLYER,BTC_JPY,2025-07-16T05:12:35.417842Z,17592223,0.03877000,17591859,0.00966250,17591825,0.20000000,17591452,0.13866270,17590373,0.01084160,17589874,0.03102004,17589028,0.01117600,17587780,0.01071840,17599197,0.02000000,17599200,0.28830000,17599990,0.04799981,17599999,0.33000000,17600000,1.59918700,17600738,0.02779712,17600739,0.00210000,17600767,0.00100000
BITFLYER,FX_BTC_JPY,2025-07-16T05:12:35.426727Z,17586019,0.00100000,17586018,0.00175000,17586012,0.01000000,17585972,0.05064258,17585616,0.06870000,17585004,0.01000000,17582736,0.10000000,17582705,0.01001279,17589415,0.02050000,17589417,0.00600000,17590023,0.01130000,17590685,0.02000000,17590694,0.00365034,17590725,0.02000000,17590734,0.06900000,17590863,0.11456002
BITFLYER,BTC_JPY,2025-07-16T05:12:35.476647Z,17592224,0.02000000,17592223,0.03877000,17591859,0.00966250,17591825,0.20000000,17591452,0.13866270,17590373,0.01084160,17589874,0.03102004,17589028,0.01117600,17599197,0.02000000,17599200,0.28830000,17599990,0.04799981,17599999,0.33000000,17600000,1.59918700,17600738,0.02779712,17600739,0.00210000,17600767,0.00100000
BITFLYER,BTC_JPY,2025-07-16T05:12:35.555605Z,17592224,0.02000000,17592223,0.03877000,17591859,0.00966250,17591825,0.20000000,17591452,0.13866270,17590373,0.01084160,17589874,0.03102004,17589028,0.01117600,17599197,0.02000000,17599200,0.28830000,17599990,0.04799981,17599999,0.33000000,17600000,1.59918700,17600738,0.02779712,17600739,0.00210000,17600767,0.00100000
BITFLYER,FX_BTC_JPY,2025-07-16T05:12:35.556036Z,17586019,0.00100000,17586018,0.00175000,17586012,0.01000000,17585972,0.05064258,17585616,0.06870000,17585560,0.05600000,17585004,0.01000000,17582736,0.10000000,17589415,0.02050000,17589417,0.00600000,17590023,0.01130000,17590685,0.02000000,17590725,0.02000000,17590734,0.06900000,17590863,0.11456002,17591109,0.04400000
GMO,BTC_JPY,2025-07-16T05:12:35.571812Z,17581196,0.00500000,17581179,0.00300000,17580436,0.01500000,17580423,0.00500000,17579535,0.00100000,17579395,0.02000000,17578946,0.01300000,17578339,0.02000000,17586954,0.00900000,17586996,0.02000000,17586997,0.00100000,17587000,0.21000000,17587417,0.01300000,17589496,0.01700000,17590041,0.02000000,17590181,0.02000000
BITFLYER,BTC_JPY,2025-07-16T05:12:35.706258Z,17592224,0.02000000,17592223,0.03877000,17591859,0.00966250,17591825,0.20000000,17591452,0.13866270,17590373,0.01084160,17589874,0.03102004,17589028,0.01117600,17599197,0.02000000,17599200,0.57660000,17599990,0.04799981,17599999,0.33000000,17600000,1.59918700,17600738,0.02779712,17600739,0.00210000,17600767,0.00100000
BITFLYER,FX_BTC_JPY,2025-07-16T05:12:35.774576Z,17586019,0.00100000,17586018,0.00175000,17586012,0.01000000,17585972,0.05064258,17585616,0.06870000,17585560,0.05600000,17585004,0.01000000,17582736,0.10000000,17589415,0.02050000,17589417,0.00600000,17590023,0.01130000,17590649,0.00365034,17590685,0.02000000,17590725,0.02000000,17590734,0.06900000,17590863,0.11456002
BITFLYER,BTC_JPY,2025-07-16T05:12:35.837350Z,17592224,0.02000000,17592223,0.03877000,17591859,0.00966250,17591825,0.20000000,17591452,0.13866270,17590373,0.01084160,17589947,0.03102004,17589028,0.01117600,17599197,0.02000000,17599200,0.57660000,17599990,0.04799981,17599999,0.33000000,17600000,1.59918700,17600738,0.02779712,17600739,0.00210000,17600767,0.00100000
BITFLYER,FX_BTC_JPY,2025-07-16T05:12:35.871876Z,17586019,0.00100000,17586012,0.01000000,17585972,0.05064258,17585616,0.06870000,17585560,0.05600000,17585004,0.01000000,17582736,0.10000000,17582705,0.01001279,17589415,0.02050000,17589417,0.00600000,17590023,0.01130000,17590649,0.00365034,17590685,0.02000000,17590725,0.02000000,17590734,0.06900000,17590863,0.11456002
BITFLYER,FX_BTC_JPY,2025-07-16T05:12:35.979767Z,17586019,0.00100000,17586012,0.01000000,17585972,0.05064258,17585616,0.06870000,17585560,0.05600000,17585004,0.01000000,17582738,0.01800000,17582736,0.10000000,17589415,0.02050000,17589417,0.00600000,17590023,0.01130000,17590649,0.00365034,17590685,0.02000000,17590725,0.02000000,17590734,0.06900000,17590863,0.11456002
BITFLYER,BTC_JPY,2025-07-16T05:12:35.980070Z,17592224,0.02000000,17592223,0.03877000,17591859,0.00966250,17591825,0.20000000,17591452,0.13866270,17590373,0.01084160,17589947,0.03102004,17589028,0.01117600,17599197,0.02000000,17599200,0.28830000,17599990,0.04799981,17599999,0.33000000,17600000,1.59918700,17600738,0.02779712,17600739,0.00210000,17600767,0.00100000
GMO,BTC_JPY,2025-07-16T05:12:36.080081Z,17581946,0.02000000,17581408,0.00700000,17581196,0.00500000,17581179,0.00300000,17580412,0.02000000,17579862,0.02000000,17579535,0.00100000,17579471,0.01000000,17586997,0.00100000,17587000,0.21000000,17587417,0.01300000,17589906,0.02000000,17590181,0.02000000,17590473,0.00500000,17590650,0.02400000,17590651,0.17700000
BITFLYER,FX_BTC_JPY,2025-07-16T05:12:36.113831Z,17586019,0.00100000,17586012,0.01000000,17585616,0.06870000,17585560,0.05600000,17585004,0.01000000,17582738,0.01800000,17582736,0.10000000,17582706,0.00200000,17589415,0.02050000,17589417,0.00600000,17590023,0.01130000,17590649,0.00365034,17590685,0.02000000,17590725,0.02000000,17590734,0.06900000,17590863,0.11456002
BITFLYER,BTC_JPY,2025-07-16T05:12:36.114208Z,17592224,0.02000000,17592223,0.03877000,17591859,0.00966250,17591825,0.20000000,17591452,0.13866270,17590373,0.01084160,17589947,0.03102004,17589028,0.01117600,17599197,0.02000000,17599200,0.28830000,17599990,0.04799981,17599999,0.33000000,17600000,1.59918700,17600738,0.02779712,17600739,0.00210000,17600767,0.00100000
GMO,BTC,2025-07-16T05:12:36.127431Z,17592492,0.13000000,17590304,0.03000000,17590300,0.02200000,17589999,0.05000000,17587073,0.03521000,17586195,0.00710000,17585881,0.05000000,17584266,0.01000000,17592493,0.00124000,17595531,0.00120000,17596596,0.03000000,17599609,0.03000000,17599620,0.50000000,17600000,0.41539000,17600680,0.02100000,17601200,0.50000000
BITFLYER,BTC_JPY,2025-07-16T05:12:36.229557Z,17592223,0.03877000,17591859,0.00966250,17591825,0.20000000,17591452,0.13866270,17590373,0.01084160,17589947,0.03102004,17589028,0.01117600,17587780,0.01071840,17599197,0.02000000,17599200,0.28830000,17599990,0.04799981,17599999,0.33000000,17600000,1.59918700,17600738,0.02779712,17600739,0.00210000,17600767,0.00100000
BITFLYER,FX_BTC_JPY,2025-07-16T05:12:36.265885Z,17586019,0.00100000,17586012,0.01000000,17585560,0.05600000,17585004,0.01000000,17582745,0.02000000,17582738,0.01800000,17582736,0.10000000,17582706,0.00200000,17589415,0.02050000,17589417,0.00600000,17590023,0.01130000,17590649,0.00365034,17590685,0.02000000,17590725,0.02000000,17590734,0.06900000,17590863,0.11456002
BITFLYER,BTC_JPY,2025-07-16T05:12:36.341525Z,17592223,0.03877000,17591859,0.00966250,17591825,0.20000000,17591452,0.13866270,17590373,0.01084160,17589947,0.03102004,17589028,0.01117600,17587780,0.01071840,17598400,0.28830000,17599197,0.02000000,17599200,0.28830000,17599990,0.04799981,17599999,0.33000000,17600000,1.59918700,17600738,0.02779712,17600739,0.00210000
BITFLYER,FX_BTC_JPY,2025-07-16T05:12:36.366232Z,17586019,0.00100000,17586012,0.01000000,17585560,0.05600000,17585004,0.01000000,17582745,0.02000000,17582739,0.06870000,17582736,0.10000000,17582706,0.00200000,17589415,0.02050000,17589417,0.00600000,17590023,0.01130000,17590649,0.00365034,17590685,0.02000000,17590725,0.02000000,17590734,0.06900000,17590863,0.11456002
BITFLYER,BTC_JPY,2025-07-16T05:12:36.464561Z,17591859,0.00966250,17591825,0.20000000,17591452,0.13866270,17590373,0.01084160,17589825,0.03102004,17589028,0.01117600,17587780,0.01071840,17585686,0.00111524,17598400,0.28830000,17599197,0.02000000,17599200,0.28830000,17599990,0.04799981,17599999,0.33000000,17600000,1.59918700,17600738,0.02779712,17600739,0.00210000
BITFLYER,FX_BTC_JPY,2025-07-16T05:12:36.494208Z,17586019,0.00100000,17586012,0.01000000,17585560,0.05600000,17585309,0.05033596,17585004,0.01000000,17582745,0.02000000,17582739,0.05600000,17582736,0.10000000,17589414,0.00100000,17589415,0.02050000,17589417,0.00600000,17590023,0.01130000,17590649,0.00365034,17590685,0.02000000,17590725,0.02000000,17590734,0.06900000
GMO,BTC_JPY,2025-07-16T05:12:36.580637Z,17581946,0.02000000,17581408,0.00700000,17579862,0.01700000,17579535,0.00100000,17579464,0.02000000,17579396,0.02000000,17578948,0.01800000,17578946,0.01300000,17585812,0.02000000,17586702,0.01300000,17586953,0.00200000,17586992,0.01000000,17586997,0.00100000,17587000,0.21000000,17589247,0.01700000,17590181,0.02000000
BITFLYER,BTC_JPY,2025-07-16T05:12:36.602157Z,17592313,0.04108000,17591859,0.00966250,17591825,0.20000000,17591452,0.13866270,17590373,0.01084160,17589825,0.03102004,17589028,0.01117600,17587780,0.01071840,17597066,0.02000000,17598400,0.28830000,17599197,0.02000000,17599990,0.04799981,17599999,0.33000000,17600000,1.59918700,17600738,0.02779712,17600739,0.00210000
BITFLYER,FX_BTC_JPY,2025-07-16T05:12:36.623903Z,17586019,0.00100000,17586012,0.01000000,17585560,0.05600000,17585309,0.05033596,17585004,0.01000000,17582745,0.02000000,17582739,0.05600000,17582736,0.10000000,17589414,0.00100000,17589415,0.02050000,17589417,0.00600000,17590023,0.01130000,17590649,0.00365034,17590685,0.02000000,17590725,0.02000000,17590734,0.06900000
GMO,BTC,2025-07-16T05:12:36.629516Z,17592492,0.13000000,17591495,0.02200000,17590305,0.03000000,17589999,0.05000000,17587073,0.03521000,17586195,0.00710000,17585881,0.05000000,17583817,0.01000000,17592493,0.00124000,17595531,0.00120000,17596596,0.03000000,17599608,0.03000000,17599620,0.50000000,17600000,0.41539000,17600680,0.02100000,17601200,0.50000000
BITFLYER,BTC_JPY,2025-07-16T05:12:36.761253Z,17592313,0.04108000,17591859,0.00966250,17591825,0.20000000,17591452,0.13866270,17590373,0.01084160,17589395,0.03102004,17589028,0.01117600,17587780,0.01071840,17598397,0.02000000,17598400,0.28830000,17599990,0.04799981,17599999,0.33000000,17600000,1.59918700,17600738,0.02779712,17600739,0.00210000,17600767,0.00100000
BITFLYER,FX_BTC_JPY,2025-07-16T05:12:36.782606Z,17586019,0.00100000,17586012,0.01000000,17585560,0.05600000,17585310,0.06870000,17585309,0.05033596,17585004,0.01000000,17582745,0.02000000,17582739,0.05600000,17589414,0.00100000,17589415,0.02050000,17589417,0.00600000,17590023,0.01130000,17590649,0.00365034,17590685,0.02000000,17590725,0.02000000,17590734,0.06900000
BITFLYER,FX_BTC_JPY,2025-07-16T05:12:36.892784Z,17586019,0.00100000,17586012,0.01000000,17585560,0.05600000,17585310,0.06870000,17585309,0.05033596,17585004,0.01000000,17582745,0.02000000,17582739,0.05600000,17589414,0.00100000,17589415,0.02050000,17589417,0.00600000,17590023,0.01130000,17590649,0.00365034,17590685,0.02000000,17590725,0.02000000,17590734,0.06900000
BITFLYER,BTC_JPY,2025-07-16T05:12:36.900827Z,17592313,0.04108000,17591859,0.00966250,17591825,0.20000000,17591452,0.13866270,17590373,0.01084160,17589395,0.03102004,17589028,0.01117600,17587780,0.01071840,17598397,0.02000000,17598400,0.28830000,17599990,0.04799981,17599999,0.33000000,17600000,1.88748700,17600738,0.02779712,17600739,0.00210000,17600767,0.00100000
BITFLYER,FX_BTC_JPY,2025-07-16T05:12:36.991930Z,17586019,0.00100000,17586012,0.01000000,17585560,0.05600000,17585310,0.06870000,17585309,0.05033596,17585004,0.01000000,17582745,0.02000000,17582739,0.05600000,17589414,0.00100000,17589417,0.00600000,17590023,0.01130000,17590649,0.00365034,17590685,0.02000000,17590725,0.02000000,17590734,0.06900000,17590862,0.00100000
BITFLYER,BTC_JPY,2025-07-16T05:12:37.013301Z,17592313,0.04108000,17591859,0.00966250,17591825,0.20000000,17591452,0.13866270,17590373,0.01084160,17589784,0.03102004,17589028,0.01117600,17587780,0.01071840,17598400,0.28830000,17599990,0.04799981,17599999,0.33000000,17600000,1.88748700,17600738,0.02779712,17600739,0.00210000,17600767,0.00100000,17601000,0.00100000
GMO,BTC_JPY,2025-07-16T05:12:37.084171Z,17580661,0.02000000,17580197,0.02000000,17580165,0.02000000,17579535,0.00100000,17578119,0.02000000,17577999,0.02000000,17577906,0.05000000,17577817,0.04900000,17586833,0.02000000,17586997,0.00100000,17587000,0.21000000,17587338,0.01300000,17590016,0.02000000,17590181,0.02000000,17590327,0.02000000,17590473,0.00500000
BITFLYER,FX_BTC_JPY,2025-07-16T05:12:37.095264Z,17586019,0.00100000,17585560,0.05600000,17585310,0.06870000,17585309,0.05033596,17585004,0.01000000,17582746,0.01000000,17582745,0.02000000,17582739,0.05600000,17589414,0.00100000,17589417,0.00600000,17590023,0.01130000,17590649,0.00365034,17590685,0.02000000,17590725,0.02000000,17590734,0.06900000,17590862,0.00100000
BITFLYER,BTC_JPY,2025-07-16T05:12:37.132332Z,17592316,0.02000000,17592313,0.04108000,17591859,0.00966250,17591825,0.20000000,17591452,0.13866270,17590373,0.01084160,17589784,0.03102004,17589028,0.01117600,17598400,0.28830000,17599990,0.04799981,17599999,0.33000000,17600000,1.88748700,17600738,0.02779712,17600739,0.00210000,17600767,0.00100000,17601000,0.00100000
GMO,BTC,2025-07-16T05:12:37.137452Z,17592492,0.04900000,17591495,0.02200000,17590306,0.03000000,17589999,0.05000000,17587073,0.03521000,17586196,0.01000000,17586195,0.00710000,17585881,0.05000000,17592493,0.00124000,17595531,0.00120000,17596596,0.03000000,17599607,0.03000000,17599620,0.50000000,17600000,0.41539000,17600410,0.50000000,17600680,0.02100000
BITFLYER,FX_BTC_JPY,2025-07-16T05:12:37.213545Z,17586019,0.00100000,17585560,0.05600000,17585310,0.06870000,17585309,0.05033596,17585004,0.01000000,17582746,0.01000000,17582745,0.02000000,17582739,0.05600000,17589408,0.02040000,17589414,0.00100000,17589417,0.00600000,17590023,0.01130000,17590648,0.01000000,17590649,0.00365034,17590685,0.02000000,17590725,0.02000000
BITFLYER,BTC_JPY,2025-07-16T05:12:37.266023Z,17592316,0.02000000,17592313,0.04108000,17591859,0.00966250,17591825,0.20000000,17591452,0.13866270,17590373,0.01084160,17589802,0.03102004,17589028,0.01117600,17598400,0.28830000,17599990,0.04799981,17599999,0.33000000,17600000,1.88748700,17600738,0.02779712,17600739,0.00210000,17600767,0.00100000,17601000,0.00100000
BITFLYER,FX_BTC_JPY,2025-07-16T05:12:37.348729Z,17585560,0.05600000,17585310,0.06870000,17585309,0.05033596,17585004,0.01000000,17582746,0.01000000,17582739,0.05600000,17582737,0.00100000,17582736,0.10000000,17589408,0.02040000,17589414,0.00100000,17589417,0.00600000,17590023,0.01130000,17590648,0.01000000,17590649,0.00365034,17590685,0.02000000,17590725,0.02000000
BITFLYER,BTC_JPY,2025-07-16T05:12:37.382204Z,17592316,0.02000000,17592313,0.04108000,17591859,0.00966250,17591825,0.20000000,17591452,0.13866270,17590373,0.01084160,17589802,0.03102004,17589028,0.01117600,17598400,0.28830000,17599990,0.04799981,17599999,0.33000000,17600000,1.88748700,17600738,0.02779712,17600739,0.00210000,17600767,0.00100000,17601000,0.00100000
BITFLYER,FX_BTC_JPY,2025-07-16T05:12:37.481890Z,17585560,0.05600000,17585310,0.06870000,17585309,0.05033596,17585004,0.01000000,17582746,0.01000000,17582739,0.05600000,17582737,0.00100000,17582736,0.10000000,17589408,0.02040000,17589414,0.00100000,17589417,0.00600000,17590023,0.01130000,17590648,0.01000000,17590649,0.00365034,17590685,0.02000000,17590725,0.02000000
BITFLYER,BTC_JPY,2025-07-16T05:12:37.503412Z,17592316,0.02000000,17592313,0.04108000,17591859,0.00966250,17591825,0.20000000,17591452,0.13866270,17590373,0.01084160,17589802,0.03102004,17589028,0.01117600,17598400,0.28830000,17599990,0.04799981,17599999,0.33000000,17600000,1.88748700,17600738,0.02779712,17600739,0.00210000,17600767,0.00100000,17601000,0.00100000
BITFLYER,FX_BTC_JPY,2025-07-16T05:12:37.587538Z,17586029,0.05600000,17585560,0.05600000,17585310,0.06870000,17585309,0.05033596,17585004,0.01000000,17582746,0.01000000,17582737,0.00100000,17582736,0.10000000,17589408,0.02040000,17589414,0.00100000,17589417,0.00600000,17590023,0.01130000,17590648,0.01000000,17590649,0.00365034,17590685,0.02000000,17590725,0.02000000
GMO,BTC_JPY,2025-07-16T05:12:37.587538Z,17581947,0.00300000,17580873,0.00700000,17580678,0.00500000,17580661,0.02000000,17580197,0.02000000,17580098,0.02000000,17579872,0.01000000,17579535,0.00100000,17586833,0.02000000,17586997,0.00100000,17587000,0.21000000,17587338,0.01300000,17590016,0.02000000,17590181,0.02000000,17590473,0.00500000,17590651,0.17700000
GMO,BTC,2025-07-16T05:12:37.642201Z,17592492,0.04900000,17591140,0.02200000,17590306,0.03000000,17589999,0.05000000,17587073,0.03521000,17586195,0.00710000,17585881,0.05000000,17583817,0.01000000,17592493,0.00124000,17595677,0.00120000,17596596,0.03000000,17599607,0.03000000,17599620,0.50000000,17600000,0.41539000,17600680,0.02100000,17601200,0.50000000
BITFLYER,FX_BTC_JPY,2025-07-16T05:12:37.706847Z,17586029,0.05600000,17585560,0.05600000,17585310,0.06870000,17585309,0.05033596,17585004,0.01000000,17582746,0.01000000,17582737,0.00100000,17582736,0.10000000,17589408,0.02040000,17589414,0.00100000,17589417,0.00600000,17590023,0.01130000,17590648,0.01000000,17590649,0.00365034,17590685,0.02000000,17590725,0.02000000
BITFLYER,FX_BTC_JPY,2025-07-16T05:12:37.854902Z,17586029,0.05600000,17585560,0.05600000,17585339,0.03000000,17585310,0.06870000,17585309,0.05033596,17585004,0.01000000,17582746,0.01000000,17582737,0.00100000,17589408,0.02040000,17589414,0.00100000,17589417,0.00600000,17590023,0.01130000,17590648,0.01000000,17590649,0.00365034,17590685,0.02000000,17590725,0.02000000
BITFLYER,FX_BTC_JPY,2025-07-16T05:12:37.958461Z,17586029,0.05600000,17585560,0.05600000,17585310,0.06870000,17585309,0.05033596,17585004,0.01000000,17582746,0.01000000,17582737,0.00100000,17582736,0.10000000,17589408,0.02040000,17589414,0.00100000,17589417,0.00600000,17590023,0.01130000,17590648,0.01000000,17590649,0.00365034,17590685,0.02000000,17590725,0.02000000
BITFLYER,FX_BTC_JPY,2025-07-16T05:12:38.066003Z,17586029,0.05600000,17585310,0.06870000,17585309,0.05033596,17585004,0.01000000,17582746,0.01000000,17582737,0.00100000,17582736,0.10000000,17582706,0.00200000,17589408,0.02040000,17589414,0.00100000,17589417,0.00600000,17590023,0.01130000,17590648,0.01000000,17590649,0.00365034,17590685,0.02000000,17590725,0.02000000
GMO,BTC_JPY,2025-07-16T05:12:38.093036Z,17581947,0.00300000,17581153,0.02000000,17580873,0.00700000,17580661,0.02000000,17580202,0.01000000,17580197,0.02000000,17579535,0.00100000,17578766,0.01700000,17586997,0.00100000,17587000,0.21000000,17587338,0.01300000,17590016,0.02000000,17590181,0.02000000,17590651,0.17700000,17590898,0.02000000,17590989,0.02000000
GMO,BTC,2025-07-16T05:12:38.145897Z,17592492,0.14900000,17591140,0.02200000,17590307,0.03000000,17589999,0.05000000,17587073,0.03521000,17586195,0.00710000,17585882,0.01000000,17585881,0.05000000,17592493,0.00124000,17595577,0.00120000,17596596,0.03000000,17599606,0.03000000,17600000,0.41539000,17600680,0.02100000,17601200,0.50000000,17601290,0.05000000
BITFLYER,FX_BTC_JPY,2025-07-16T05:12:38.179195Z,17586373,0.05600000,17586029,0.05600000,17585310,0.06870000,17585309,0.05033596,17585004,0.01000000,17582746,0.01000000,17582737,0.00100000,17582736,0.10000000,17589408,0.02040000,17589414,0.00100000,17589417,0.00600000,17590023,0.01130000,17590641,0.04400000,17590648,0.01000000,17590649,0.00365034,17590685,0.02000000
BITFLYER,FX_BTC_JPY,2025-07-16T05:12:38.316880Z,17586373,0.05600000,17586087,0.00134000,17586029,0.05600000,17585310,0.06870000,17585309,0.05033596,17585004,0.01000000,17582747,0.00200000,17582746,0.01000000,17589408,0.02040000,17589414,0.00100000,17589417,0.00600000,17590023,0.01130000,17590641,0.04400000,17590648,0.01000000,17590649,0.00365034,17590685,0.02000000
BITFLYER,FX_BTC_JPY,2025-07-16T05:12:38.453703Z,17586373,0.05600000,17586087,0.00134000,17586029,0.05600000,17585310,0.06870000,17585309,0.05033596,17585004,0.01000000,17582747,0.00200000,17582746,0.01000000,17589408,0.02040000,17589414,0.00100000,17589417,0.00600000,17590023,0.01130000,17590641,0.04400000,17590648,0.01000000,17590649,0.00365034,17590685,0.02000000
BITFLYER,FX_BTC_JPY,2025-07-16T05:12:38.590045Z,17586373,0.05600000,17586087,0.00134000,17586029,0.05600000,17585310,0.06870000,17585309,0.05033596,17585004,0.01000000,17582755,0.02000000,17582747,0.00200000,17589408,0.02040000,17589414,0.00100000,17589417,0.00600000,17590023,0.01130000,17590641,0.04400000,17590648,0.01000000,17590649,0.00365034,17590685,0.02000000
BITFLYER,FX_BTC_JPY,2025-07-16T05:12:38.590045Z,17586373,0.05600000,17586087,0.00134000,17586029,0.05600000,17585310,0.06870000,17585309,0.05033596,17585004,0.01000000,17582755,0.02000000,17582747,0.00200000,17589408,0.02040000,17589414,0.00100000,17589417,0.00600000,17590023,0.01130000,17590641,0.04400000,17590648,0.01000000,17590649,0.00365034,17590685,0.02000000
GMO,BTC_JPY,2025-07-16T05:12:38.595206Z,17581947,0.00300000,17581430,0.02000000,17580661,0.02000000,17580202,0.01000000,17580197,0.02000000,17579535,0.00100000,17579274,0.02000000,17579104,0.01000000,17586798,0.02000000,17586997,0.00100000,17587000,0.21000000,17588351,0.01300000,17590181,0.02000000,17590639,0.00500000,17590651,0.17700000,17590898,0.02000000
GMO,BTC,2025-07-16T05:12:38.653135Z,17592492,0.04900000,17591140,0.02200000,17590308,0.03000000,17589999,0.05000000,17587073,0.03521000,17586195,0.00710000,17585882,0.01000000,17585881,0.05000000,17592493,0.00124000,17595577,0.00120000,17596596,0.03000000,17599605,0.03000000,17599620,0.50000000,17600000,0.41539000,17600680,0.02100000,17601200,0.50000000
BITFLYER,BTC_JPY,2025-07-16T05:12:38.720164Z,17592316,0.02000000,17592313,0.04108000,17591859,0.00966250,17591825,0.20000000,17591452,0.13866270,17590373,0.01084160,17589802,0.03102004,17589028,0.01117600,17598400,0.28830000,17599990,0.04799981,17599999,0.33000000,17600000,1.88748700,17600738,0.02779712,17600739,0.00210000,17600767,0.00100000,17601000,0.00100000
BITFLYER,FX_BTC_JPY,2025-07-16T05:12:38.747843Z,17586373,0.05600000,17586087,0.00134000,17586029,0.05600000,17585310,0.06870000,17585309,0.05033596,17585004,0.01000000,17582755,0.02000000,17582747,0.00200000,17589408,0.02040000,17589414,0.00100000,17589417,0.00600000,17590023,0.01130000,17590641,0.04400000,17590648,0.01000000,17590685,0.02000000,17590725,0.02000000
BITFLYER,FX_BTC_JPY,2025-07-16T05:12:38.856544Z,17586373,0.05600000,17586087,0.00134000,17586029,0.05600000,17585310,0.06870000,17585309,0.05033596,17585004,0.01000000,17582755,0.02000000,17582747,0.00200000,17589408,0.02040000,17589414,0.00100000,17589417,0.00600000,17590023,0.01130000,17590641,0.04400000,17590648,0.01000000,17590685,0.02000000,17590725,0.02000000
BITFLYER,FX_BTC_JPY,2025-07-16T05:12:38.956910Z,17586632,0.05157592,17586373,0.05600000,17586087,0.00134000,17586029,0.05600000,17585310,0.06870000,17585004,0.01000000,17582755,0.02000000,17582747,0.00200000,17589408,0.02040000,17589414,0.00100000,17589417,0.00600000,17590023,0.01130000,17590641,0.04400000,17590648,0.01000000,17590685,0.02000000,17590725,0.02000000
BITFLYER,BTC_JPY,2025-07-16T05:12:39.035444Z,17592316,0.02000000,17591859,0.00966250,17591825,0.20000000,17591452,0.13866270,17590373,0.01084160,17589802,0.03102004,17589028,0.01117600,17587780,0.01071840,17598400,0.28830000,17599990,0.04799981,17599999,0.33000000,17600000,1.88748700,17600738,0.02779712,17600739,0.00210000,17600767,0.00100000,17601000,0.00100000
BITFLYER,FX_BTC_JPY,2025-07-16T05:12:39.065944Z,17586632,0.05157592,17586373,0.05600000,17586087,0.00134000,17586029,0.05600000,17585310,0.06870000,17585004,0.01000000,17582755,0.02000000,17582747,0.00200000,17589408,0.02040000,17589414,0.00100000,17589417,0.00600000,17590023,0.01130000,17590641,0.04400000,17590648,0.01000000,17590685,0.02000000,17590725,0.02000000
GMO,BTC_JPY,2025-07-16T05:12:39.102059Z,17581947,0.00300000,17581401,0.02000000,17580874,0.02000000,17580661,0.02000000,17580202,0.01000000,17579535,0.00100000,17579274,0.02000000,17579104,0.01000000,17586798,0.02000000,17586997,0.00100000,17587000,0.21000000,17588351,0.01300000,17590181,0.02000000,17590639,0.00500000,17590651,0.17700000,17590898,0.02000000
GMO,BTC,2025-07-16T05:12:39.159572Z,17592492,0.14900000,17591140,0.02200000,17590308,0.03000000,17589999,0.05000000,17587073,0.03521000,17586195,0.00710000,17585882,0.01000000,17585881,0.05000000,17592493,0.00124000,17595577,0.00120000,17596596,0.03000000,17599605,0.03000000,17600000,0.41539000,17600680,0.02100000,17601290,0.05000000,17601626,0.02000000
BITFLYER,FX_BTC_JPY,2025-07-16T05:12:39.168166Z,17586632,0.05157592,17586373,0.05600000,17586087,0.00134000,17586029,0.05600000,17585310,0.06870000,17585004,0.01000000,17582755,0.02000000,17582747,0.00200000,17589408,0.02040000,17589414,0.00100000,17589417,0.00600000,17590023,0.01130000,17590641,0.04400000,17590648,0.01000000,17590685,0.02000000,17590725,0.02000000
BITFLYER,BTC_JPY,2025-07-16T05:12:39.254459Z,17592406,0.03857000,17592316,0.02000000,17591859,0.00966250,17591825,0.20000000,17591452,0.13866270,17590373,0.01084160,17589802,0.03102004,17589028,0.01117600,17598400,0.28830000,17599990,0.04799981,17599999,0.33000000,17600000,1.88748700,17600738,0.02779712,17600739,0.00210000,17600767,0.00100000,17601000,0.00100000
BITFLYER,FX_BTC_JPY,2025-07-16T05:12:39.276128Z,17586672,0.00175000,17586632,0.05157592,17586373,0.05600000,17586087,0.00134000,17586029,0.05600000,17585310,0.06870000,17585004,0.01000000,17582755,0.02000000,17589408,0.02040000,17589414,0.00100000,17589417,0.00600000,17590023,0.01130000,17590641,0.04400000,17590685,0.02000000,17590725,0.02000000,17590734,0.06900000
BITFLYER,BTC_JPY,2025-07-16T05:12:39.470781Z,17592406,0.03857000,17591860,0.01000000,17591859,0.00966250,17591825,0.20000000,17590373,0.01084160,17589859,0.03102004,17589028,0.01117600,17587780,0.01071840,17598397,0.02000000,17598400,0.28830000,17599990,0.04799981,17599999,0.33000000,17600000,1.88748700,17600738,0.02779712,17600739,0.00210000,17600767,0.00100000
BITFLYER,FX_BTC_JPY,2025-07-16T05:12:39.436143Z,17586672,0.00175000,17586632,0.05157592,17586373,0.05600000,17586087,0.00134000,17586029,0.05600000,17585310,0.06870000,17585004,0.01000000,17582755,0.02000000,17589408,0.02040000,17589414,0.00100000,17589417,0.00600000,17590023,0.01130000,17590641,0.04400000,17590685,0.02000000,17590725,0.02000000,17590734,0.06900000
BITFLYER,BTC_JPY,2025-07-16T05:12:39.470781Z,17592406,0.03857000,17591860,0.01000000,17591859,0.00966250,17591825,0.20000000,17590373,0.01084160,17589859,0.03102004,17589028,0.01117600,17587780,0.01071840,17598397,0.02000000,17598400,0.28830000,17599990,0.04799981,17599999,0.33000000,17600000,1.88748700,17600738,0.02779712,17600739,0.00210000,17600767,0.00100000
BITFLYER,FX_BTC_JPY,2025-07-16T05:12:39.513173Z,17586672,0.00175000,17586632,0.05157592,17586373,0.05600000,17586029,0.05600000,17585310,0.06870000,17585004,0.01000000,17582755,0.02000000,17582747,0.00200000,17589408,0.02040000,17589414,0.00100000,17589417,0.00600000,17590023,0.01130000,17590641,0.04400000,17590685,0.02000000,17590725,0.02000000,17590734,0.06900000
GMO,BTC_JPY,2025-07-16T05:12:39.520699Z,17581947,0.00300000,17581401,0.02000000,17580669,0.01000000,17580661,0.02000000,17580203,0.02000000,17579535,0.00100000,17579258,0.02000000,17579219,0.01000000,17586997,0.00100000,17587000,0.21000000,17588351,0.01300000,17588814,0.02000000,17590639,0.00500000,17590651,0.17700000,17590898,0.02000000,17590988,0.02400000
GMO,BTC,2025-07-16T05:12:39.551270Z,17592492,0.14900000,17591140,0.02200000,17590308,0.03000000,17589999,0.05000000,17587073,0.03521000,17586195,0.00710000,17585882,0.01000000,17585881,0.05000000,17592493,0.00124000,17595577,0.00120000,17596596,0.03000000,17599605,0.03000000,17600000,0.41539000,17600680,0.02100000,17601290,0.05000000,17601626,0.02000000
BITFLYER,BTC_JPY,2025-07-16T05:12:39.575551Z,17592406,0.03857000,17591860,0.01000000,17591859,0.00966250,17591825,0.20000000,17590373,0.01084160,17589859,0.03102004,17589028,0.01117600,17587780,0.01071840,17598397,0.02000000,17598400,0.28830000,17599990,0.04799981,17599999,0.33000000,17600000,1.88748700,17600738,0.02779712,17600739,0.00210000,17600767,0.00100000
BITFLYER,FX_BTC_JPY,2025-07-16T05:12:39.616797Z,17586672,0.00175000,17586632,0.05157592,17586373,0.05600000,17586029,0.05600000,17585310,0.06870000,17585004,0.01000000,17582755,0.02000000,17582747,0.00200000,17589408,0.02040000,17589414,0.00100000,17589417,0.00600000,17590023,0.01130000,17590641,0.04400000,17590685,0.02000000,17590725,0.02000000,17590734,0.06900000
GMO,BTC,2025-07-16T05:12:39.663136Z,17592492,0.14900000,17591140,0.02200000,17590309,0.03000000,17589999,0.05000000,17587073,0.03521000,17586195,0.00710000,17585882,0.01000000,17585881,0.05000000,17592493,0.00124000,17596161,0.00120000,17596596,0.03000000,17599604,0.03000000,17599620,0.50000000,17600000,0.41539000,17600680,0.02100000,17601290,0.05000000
BITFLYER,BTC_JPY,2025-07-16T05:12:39.718197Z,17592407,0.19202015,17592406,0.03857000,17591860,0.01000000,17591859,0.00966250,17591825,0.20000000,17590373,0.01084160,17589028,0.01117600,17587780,0.01071840,17598397,0.02000000,17598400,0.28830000,17599990,0.04799981,17599999,0.33000000,17600000,1.88748700,17600738,0.02779712,17600739,0.00210000,17600767,0.00100000
BITFLYER,FX_BTC_JPY,2025-07-16T05:12:39.721441Z,17586672,0.00175000,17586632,0.05157592,17586373,0.05600000,17586029,0.05600000,17585310,0.06870000,17585004,0.01000000,17582755,0.02000000,17582747,0.00200000,17589408,0.02040000,17589414,0.00100000,17589417,0.00600000,17590023,0.01130000,17590641,0.04400000,17590685,0.02000000,17590725,0.02000000,17590734,0.06900000
BITFLYER,BTC_JPY,2025-07-16T05:12:39.835402Z,17592407,0.19202015,17592406,0.03857000,17591860,0.01000000,17591859,0.00966250,17591825,0.20000000,17590373,0.01084160,17589028,0.01117600,17588980,0.03102004,17598397,0.02000000,17598400,0.28830000,17599990,0.04799981,17599999,0.33000000,17600000,1.88748700,17600738,0.02779712,17600739,0.00210000,17600767,0.00100000
BITFLYER,FX_BTC_JPY,2025-07-16T05:12:39.852968Z,17586672,0.00175000,17586632,0.05157592,17586373,0.05600000,17586029,0.05600000,17585310,0.06870000,17585004,0.01000000,17582755,0.02000000,17582747,0.00200000,17589408,0.02040000,17589414,0.00100000,17589417,0.00600000,17590023,0.01130000,17590641,0.04400000,17590685,0.02000000,17590725,0.02000000,17590734,0.06900000
BITFLYER,BTC_JPY,2025-07-16T05:12:39.972554Z,17592407,0.19202015,17592406,0.03857000,17591860,0.01000000,17591825,0.20000000,17590373,0.01084160,17590009,0.03102004,17589028,0.01117600,17587780,0.01071840,17598397,0.02000000,17598400,0.28830000,17599990,0.04799981,17599999,0.33000000,17600000,1.88748700,17600738,0.02779712,17600739,0.00210000,17600767,0.00100000
